2250 3630
85 169 132 231 10.
150 193 231 243 20-31
426 171 563 232 ACTUS
584 170 906 233 APOSTOLORUM

291 328 331 387 de
352 325 477 398 uisionis,
500 325 574 385 dixit
597 325 722 404 Spiritus
743 327 789 387 ei:
811 329 891 386 Ecce
912 325 968 386 uiri
989 339 1050 387 tres

250 430 283 468 ao
293 419 440 484 quaerunt
457 419 498 467 te.
542 409 635 485 Surge
656 407 765 485 itaque,
787 418 817 466 et
838 409 998 480 descende,
1019 421 1050 468 et

291 490 370 548 uade
378 509 447 547 cum
457 487 500 547 eis
509 487 583 547 nihil
592 487 742 560 dubitans,
751 487 821 566 quia
830 508 886 566 ego
896 488 963 548 misi
972 487 1047 549 illos.

250 595 278 629 21
294 570 490 629 Descendens
514 580 616 628 autern
640 571 745 628 Petrus
772 570 812 629 ad
840 568 928 643 uiros,
955 570 1049 632 dixit:

292 652 373 710 Ecce
387 670 443 727 ego
454 670 520 708 sum
530 669 620 726 quern
632 649 773 726 quaeritis
787 672 794 709 :
816 669 894 726 quae
904 663 1050 712 causaest

250 757 279 790 ει
293 744 512 809 propterquam
522 729 668 791 uenistis?
690 730 751 806 Qui
766 732 922 802 dixerunt:
937 733 1051 793 Corne·

292 815 348 872 lius
368 813 511 885 centurio,
528 810 574 870 uir
594 811 689 870 iustus
711 824 741 872 et
759 813 868 872 timens
886 815 997 884 Deum,
1019 825 1048 873 et

292 892 496 953 testimonium
512 893 626 951 habens
641 892 681 951 ab
692 892 831 952 uniuersa
840 904 930 970 gente
942 895 1049 954 Iudae-

291 993 386 1047 orum,
407 992 583 1050 responsum
607 975 724 1050 accepit
747 975 787 1034 ab
810 975 917 1055 angelo
942 986 1049 1034 sancto

291 1053 434 1114 accersire
449 1067 478 1114 te
493 1054 524 1113 in
541 1055 668 1113 domum
683 1073 777 1127 suam,
792 1066 822 1114 et
836 1054 940 1113 audire
954 1057 1049 1115 uerba

160 1151 190 1194 n.
202 1167 232 1196 η,
250 1160 280 1207 23
290 1136 344 1195 abs
354 1147 391 1195 te.
412 1136 611 1195 Introduc'ens
620 1134 708 1210 igitur
716 1155 776 1207 eos
788 1134 898 1212 recepit
907 1135 1048 1214 hospitio.

331 1216 474 1294 Sequenti
495 1227 595 1276 autern
617 1215 667 1275 die
687 1236 809 1293 surgens
830 1217 981 1292 proiectus
1003 1230 1049 1278 est

290 1317 358 1358 curn
369 1297 421 1358 eis:
437 1309 466 1358 et
475 1297 598 1374 quidam
608 1317 645 1356 ex
653 1297 791 1357 fratribus
799 1297 838 1357 ab
849 1298 946 1374 Ioppe
956 1299 1049 1358 corni·

249 1405 277 1452 η
293 1378 345 1439 tati
360 1391 430 1438 sunt
441 1397 519 1438 eum.
548 1380 651 1438 Altera
659 1391 760 1438 autern
771 1378 821 1437 die
830 1376 964 1439 introiuit
973 1381 1049 1441 Cae-

290 1479 412 1519 sarearn.
449 1459 605 1520 Conrelius
616 1480 689 1519 uero
699 1460 875 1536 expectabat
890 1459 966 1533 illos,
977 1480 1048 1520 con-

250 1566 279 1614 ²5
292 1539 407 1599 uocatis
417 1539 550 1616 cognatis
561 1540 630 1613 suis,
642 1553 672 1600 et
683 1539 855 1601 necessariis
866 1539 980 1600 amicis,
1009 1544 1048 1601 Et

289 1623 400 1680 iactum
422 1631 467 1680 est
488 1640 557 1680 curn
579 1621 729 1681 introisset
751 1625 863 1693 Petrus
887 1621 999 1682 obuius
1019 1622 1047 1682 ei

289 1701 447 1764 Cornelius
463 1713 493 1761 et
508 1701 667 1779 procidens
677 1705 717 1762 ad
726 1705 817 1779 pedes
827 1702 890 1762 eius
900 1704 1047 1763 adorauit

159 1805 188 1846 14.
201 1817 231 1854 ις.
249 1793 279 1842 26
292 1785 396 1841 Petrus
419 1803 491 1842 nero
512 1781 623 1842 leuauit
644 1803 723 1851 eurn,
745 1783 866 1844 dicens:
892 1786 995 1861 Surge,
1018 1797 1048 1846 et

81 1854 231 1957 Apoepff'gfgj
249 1883 278 1937 ²7
291 1882 347 1940 ego
362 1863 425 1941 ipse
440 1866 534 1924 homo
548 1884 625 1923 sum.
662 1865 701 1923 Et
716 1865 842 1940 loquens
856 1885 926 1924 curn
938 1865 991 1924 illo
1006 1865 1048 1925 in-

291 1943 387 2016 trauit,
414 1958 444 2004 et
468 1944 584 2004 inuenit
607 1947 719 2004 multos
742 1944 794 2022 qui
822 1958 1048 2007 conuenerant:

226 2082 229 2089 .
248 2039 278 2084 28
292 2024 440 2103 'dixitque
451 2028 490 2085 ad
500 2027 566 2085 illos
578 2049 584 2086 :
600 2027 666 2086 Uos
677 2025 757 2085 scitis
769 2028 924 2103 quomodo
933 2027 1048 2087 abomi-

289 2119 392 2166 natum
409 2106 446 2165 sit
461 2107 526 2166 uiro
541 2107 656 2166 Iudaeo
670 2106 820 2184 coniungi,
836 2117 887 2167 aut
901 2109 1048 2168 accedere

288 2189 327 2247 ad
336 2186 551 2263 alienigenam:
573 2199 602 2247 et
613 2187 687 2246 mihi
696 2187 828 2247 ostendit
844 2189 936 2259 Deus
952 2189 1048 2247 nerni-

287 2288 356 2327 nem
372 2287 563 2328 communetn
578 2281 629 2328 aut
644 2268 823 2327 inmundum
839 2267 938 2327 dicere
952 2269 1049 2328 horni-

246 2374 278 2424 29
289 2369 367 2408 nem.
412 2352 535 2425 Propter
559 2351 642 2426 quod
665 2349 729 2408 sine
757 2347 946 2409 dubitatione
974 2348 1047 2410 ueni

288 2428 454 2488 accersitus.
500 2434 656 2506 Interrogo
670 2449 748 2506 ergo,
760 2449 851 2507 quam
866 2430 907 2489 ob
922 2449 1045 2490 causam

247 2536 280 2584 30
289 2509 453 2591 accersistis
470 2514 542 2571 me?
584 2514 623 2570 Et
638 2509 796 2574 Cornelius
810 2509 869 2570 ait:
890 2513 918 2569 A
934 2511 1047 2572 nudius

288 2602 433 2668 quartana
442 2591 492 2651 die
501 2612 596 2669 usque
606 2591 638 2650 in
650 2594 727 2651 hanc
739 2593 851 2664 horam,
862 2611 951 2652 orans
963 2611 1045 2653 eram

289 2669 364 2732 hora
382 2693 463 2732 nona
483 2672 514 2731 in
534 2675 626 2734 domo
648 2693 731 2733 mea:
754 2685 784 2733 et
804 2693 875 2733 ecce
897 2672 942 2732 uir
963 2673 1046 2734 stetit

246 2778 274 2826 31
288 2765 358 2814 ante
380 2773 429 2813 nte
450 2756 480 2812 in
503 2767 586 2813 ueste
605 2752 747 2825 ¹eandida,
762 2755 765 2787 ¹
782 2765 811 2813 et
828 2753 887 2814 ait:
911 2753 1043 2825 Corneli,

287 2835 427 2895 exaudita
448 2845 492 2894 est
514 2834 609 2894 oratio
630 2846 688 2908 tua,
713 2846 743 2894 et
763 2836 952 2911 elemosynae
975 2847 1045 2896 tuae

111 3013 133 3047 ²⁰
148 3021 225 3077 etpr.
241 3030 291 3062 om.
306 3013 359 3069 ξπ
470 3013 490 3046 ²³
506 3016 614 3070 igitur:
630 3029 692 3074 ergo
705 3012 758 3069 Μ
850 3016 912 3063 eina
928 3013 981 3064 illis
992 3014 1045 3071 3OE

78 3077 99 3110 ²⁵
116 3080 321 3130 obuius÷venit
345 3078 398 3134 Μ
491 3078 511 3111 ²⁶
529 3079 640 3128 eleuauit
664 3077 729 3141 ,Μ
809 3077 830 3111 ²⁸
846 3085 890 3130 et:
919 3081 967 3131 sed
992 3079 1045 3137 Μ

78 3144 100 3176 ³⁰
116 3146 301 3206 nudiusquarta
314 3145 378 3206 (uno
391 3143 473 3209 uenio)
487 3143 540 3199 Μ
605 3149 683 3208 inpr.
698 3162 704 3192 ε
721 3145 753 3192 ad
766 3143 818 3200 Μ

539 3225 585 3286 308
