2250 3630
102 196 128 254 7.
145 207 211 255 8-22
493 192 553 250 AD
575 189 846 253 CORINTHIOS
868 190 883 249 I

287 362 301 410 8
353 347 433 409 Dico
446 358 548 408 autem
562 367 624 407 non
644 345 755 426 nuptis,
770 357 800 407 et
814 345 931 408 uiduis:
951 345 1069 406 bonum

108 449 250 499 1Tim.5.14.
285 441 355 507 9est
376 428 434 489 illis
453 431 535 489 sisic
554 439 703 502 maneant,
720 430 797 488 sicut
818 440 848 488 et
867 447 931 504 ego.
976 429 1068 503 Quod

310 510 335 570 si
349 530 412 571 non
427 530 460 570 se
474 509 637 583 continent,
654 509 787 570 nubant:
811 510 917 568 melius
927 519 972 568 est
988 508 1069 569 enim

101 626 132 660 η,
143 624 174 661 2⁵,
182 608 250 660 40,11.
269 617 299 652 10
309 593 433 665 nubere,
442 611 533 668 quam
542 590 595 652 uri.
633 590 693 651 His
701 602 803 651 autem
815 589 867 668 qui
877 591 1070 650 matrimonio

101 675 210 752 ,emfllfl
219 675 250 762 {33
309 674 403 732 iuncti
418 684 488 732 sunt
506 673 664 751 praecipio,
681 692 743 732 non
762 691 819 749 ego
837 672 891 731 sed
907 670 1067 744 Dominus,

140 779 180 819 Mt·
191 778 209 819 5,
220 793 251 830 32,
270 777 297 812 11
311 773 435 813 uxorem
450 773 468 812 a
482 755 546 812 uiro
555 773 617 813 non
632 752 807 814 discedere:
830 753 914 829 quod
924 751 947 811 si
959 750 1070 812 disces-

127 829 251 920 Muli-132
308 837 386 907 serit,
408 854 529 894 manere
549 836 717 912 innuptam,
735 845 787 893 aut
806 832 871 893 uiro
890 852 946 893 suo
966 852 1069 892 recon-

134 915 421 975 Lc.rs.1s.12ciliari:
453 925 483 974 et
511 914 559 973 uir
585 934 707 975 uxorem
736 934 775 974 ne
804 912 944 973 dimittat.
989 914 1069 972 Nam

310 998 417 1056 ceteris
428 1016 485 1073 ego
496 995 574 1068 dico,
585 1016 645 1056 non
660 994 829 1055 Dominus:
853 993 883 1055 Si
899 992 967 1071 quis
982 995 1070 1054 frater

311 1097 434 1138 uxorem
450 1077 542 1137 habet
553 1076 714 1149 infidelem,
727 1088 757 1135 et
767 1077 842 1134 haec
853 1077 1006 1135 consentit
1021 1077 1070 1134 ha-

270 1181 299 1230 13
311 1157 405 1218 bitare
419 1178 490 1218 cum
505 1159 564 1231 illo,
577 1177 637 1217 non
650 1156 780 1216 dimittat
790 1157 880 1216 illam.
914 1157 956 1215 Et
970 1155 995 1215 si
1010 1175 1068 1232 qua

311 1239 417 1299 mulier
426 1239 518 1298 habet
529 1237 626 1297 uirum
639 1238 801 1309 infidelem,
811 1248 842 1296 et
853 1235 903 1296 hic
918 1236 1069 1296 consentit

269 1344 299 1394 14
310 1321 443 1380 habitare
458 1340 528 1379 cum
539 1319 596 1392 illa,
609 1338 672 1378 non
683 1317 813 1377 dimittat
822 1316 929 1376 uirum.
957 1317 1069 1377 Sancti·

310 1403 415 1460 ficatus
430 1412 475 1460 est
489 1398 570 1460 enim
585 1399 630 1458 uir
645 1397 774 1458 infidelis
789 1398 819 1457 in
836 1397 962 1458 muliere
977 1398 1067 1471 fideli,

312 1493 342 1542 et
359 1481 542 1541 sanctificata
559 1492 604 1541 est
623 1481 730 1539 mulier
748 1478 878 1539 infidelis
898 1498 952 1557 per
971 1477 1068 1538 uirum

311 1563 449 1622 fidelem:
471 1561 604 1639 alioquin
619 1560 671 1620 filii
686 1562 776 1621 uestri
796 1559 935 1619 inmundi
951 1571 1068 1620 essent:

270 1662 392 1716 15nunc
416 1655 516 1702 autem
538 1642 633 1702 sancti
655 1653 733 1702 sunt.
778 1642 871 1717 Quod
893 1639 917 1700 si
939 1639 1068 1701 infidelis

311 1723 447 1796 discedit,
476 1723 636 1792 discedat:
661 1743 724 1783 non
754 1735 799 1782 est
827 1720 907 1782 enim
933 1720 1068 1782 seruituti

108 1802 211 1896 ΒΟὲῃο-ῙῙΞ·
222 1817 252 1894 ζ9·
310 1803 462 1864 subiectus
473 1807 560 1864 frater
570 1816 622 1864 aut
633 1823 716 1865 soror
726 1806 757 1863 in
769 1801 918 1864 eiusmodi
930 1825 936 1863 :
952 1801 983 1862 in
995 1822 1068 1879 pace

128 1869 412 1951 1Pei.i.i],16autem
434 1884 554 1944 uocauit
574 1905 630 1945 nos
652 1887 744 1944 Deus.
789 1885 882 1945 Unde
900 1885 982 1944 enim
1000 1882 1065 1954 scis,

309 1965 423 2038 mulier,
435 1965 460 2026 si
474 1965 571 2025 uirum
581 1968 697 2026 saluum
710 1965 825 2026 facies?
845 1976 897 2024 aut
907 1966 990 2025 unde
1001 1963 1066 2035 scis,

122 2059 251 2111 nom.12.3.
270 2067 298 2121 17
311 2047 363 2119 uir,
376 2049 400 2107 si
412 2046 566 2107 mulierem
578 2049 691 2107 saluam
702 2046 815 2106 facies?
836 2044 893 2105 nisi
904 2044 1067 2122 unicuique

310 2127 387 2188 sicut
409 2127 511 2188 diuisit
538 2128 697 2200 Dominus,
721 2146 971 2204 unumquemque
992 2125 1067 2185 sicut

311 2209 430 2269 uocauit
444 2211 536 2280 Deus,
550 2211 590 2268 ita
600 2210 742 2280 ambulet,
756 2219 786 2268 et
795 2207 872 2267 sicut
883 2207 914 2266 iu
925 2206 1066 2267 omnibus

135 2311 182 2351 scr.
193 2308 223 2350 15.
234 2325 251 2354 ι,
270 2303 298 2349 18
311 2289 444 2350 ecclesiis
456 2291 561 2349 doceo.
605 2288 808 2351 Circumcisus
820 2290 928 2365 aliquis
943 2300 1066 2348 uocatus

146 2361 195 2402 ⁰²¹·
204 2361 222 2401 ⁵·
233 2375 251 2406 ²·
311 2373 378 2430 est?
398 2390 461 2429 non
474 2371 605 2430 adducat
617 2371 814 2448 praeputium.
859 2371 896 2429 In
911 2367 1066 2447 praeputio

145 2473 192 2515 Gar.
203 2473 222 2513 5.
232 2476 250 2524 ⁶,
270 2475 300 2526 19
310 2450 417 2527 aliquis
433 2464 557 2510 uocatus
572 2455 642 2511 est?
664 2471 725 2510 non
737 2450 976 2511 circumcidatur.
1006 2450 1065 2510 Cir·

136 2574 182 2616 co,
192 2525 210 2614 ξ
222 2539 251 2614 {32
310 2533 455 2592 cumcisio
466 2531 540 2590 nihil
552 2543 605 2606 est,
616 2543 646 2592 et
658 2531 844 2609 praeputium
854 2530 930 2590 nihil
945 2542 1000 2590 est:
1015 2530 1066 2590 sed

269 2639 299 2671 20
311 2612 482 2673 obseruatio
492 2615 702 2674 mandatorum
716 2611 782 2672 Dei.
806 2611 1026 2688 Unusquisque
1037 2610 1066 2668 in
1111 2615 1114 2624 '

310 2714 371 2771 qua
390 2695 550 2754 uocatione
570 2706 694 2754 uocatus
714 2705 767 2765 est,
784 2694 815 2751 in
834 2711 870 2751 ea
884 2701 1065 2768 permaneat.

139 2784 194 2842 Eph.
204 2784 222 2825 ⁶·
232 2787 250 2824 ⁶·
270 2800 296 2834 21
310 2779 420 2836 Seruus
430 2785 555 2834 uocatus
567 2777 623 2835 es?
643 2794 706 2833 non
718 2773 755 2834 sit
765 2773 818 2832 tibi
835 2792 944 2834 curae:
966 2774 1021 2833 sed
1039 2783 1066 2831 et

122 2834 210 2874 Philem.
222 2837 251 2875 16.
329 2859 334 2870 .

102 2883 251 2934 ,Timum
270 2883 298 2914 22
311 2877 335 2916 s1
356 2869 442 2935 potes
457 2855 532 2915 liber
547 2857 617 2929 lieri,
627 2854 721 2932 magis
735 2866 825 2914 utere.
863 2852 926 2928 Qui
941 2853 1024 2914 enim
1037 2851 1066 2910 in

133 3033 143 3064 ⁸
162 3043 329 3094 permaneant
343 3033 395 3089 Μ
460 3032 481 3065 ¹⁰
498 3031 530 3092 ijs
543 3032 595 3088 Μ
672 3033 692 3065 ¹¹
710 3048 764 3081 ne:
780 3049 832 3080 non
844 3030 898 3088 ΞΘ
972 3032 994 3066 ¹³
1010 3047 1066 3081 mu·

100 3102 153 3147 lior
163 3119 178 3147 ψ
188 3099 272 3147 fidelis
285 3099 336 3154 Μ
424 3099 445 3130 ¹⁴
463 3114 510 3160 per
521 3099 654 3148 mulierem
667 3100 770 3147 fidelem
781 3097 834 3155 3OE
923 3097 946 3132 ¹⁶
965 3107 992 3155 >
1002 3099 1066 3147 enim

100 3165 223 3213 seruituti
236 3166 365 3212 subiectus
378 3173 417 3213 est
430 3163 483 3220 Μ
532 3165 677 3213 huiusmodi
689 3162 742 3221 Μ
793 3164 814 3196 ²¹
834 3168 861 3218 >
872 3164 930 3213 fieri
942 3165 1009 3214 liber
1018 3161 1068 3220 M

560 3243 609 3308 406
