2250 3630
291 132 535 197 SECUNDUM
558 136 709 196 LUCAM
972 142 1000 197 4.
1017 164 1086 215 9-20

120 291 176 365 bis,
201 303 231 352 et
253 291 294 350 illi
318 289 374 350 soli
397 291 515 352 seruies.
568 293 607 351 Et
630 292 714 351 duxit
737 294 820 352 illum
842 292 899 366 in9

121 375 319 445 Hierusalem,
333 383 363 431 et
374 373 476 432 statuit
487 393 557 432 eum
568 392 656 448 supra
667 372 791 448 pinnam
803 384 875 433 tem·

120 452 169 530 pli,
186 463 216 512 et
230 452 303 512 dixit
317 452 376 512 illi:
393 451 424 512 Si
438 452 515 511 filius
530 451 589 512 Dei
604 472 644 526 es,
661 455 790 512 mittete
805 454 875 514 hinc

119 536 267 593 deorsum.
312 531 461 609 Scriptum
475 543 519 591 est
534 531 614 591 enim
629 535 712 609 quod
886 562 916 595 ιο
934 561 1062 614 aanor).

159 613 283 691 Angelis
308 613 368 672 suis
395 612 551 672 mandabit
576 614 676 686 dete,
702 626 733 673 ut
757 636 874 677 conser-
935 625 964 654 ¹¹·

201 706 272 754 uent
287 705 335 754 te:

119 789 149 836 et
163 776 232 853 quia
885 805 912 838 11

160 861 197 917 In
212 855 351 916 manibus
364 859 471 917 tollent
486 868 523 931 te,

159 959 198 998 ne
212 940 287 998 forte
301 940 437 998 offendas
450 941 491 998 ad
505 938 636 1016 lapidem
650 941 760 1017 pedem
777 952 869 1000 tuum.

119 1023 159 1078 Et
180 1020 366 1096 respondens
390 1020 484 1092 Iesus,
507 1021 549 1080 ait
572 1019 631 1080 illi:
661 1022 786 1080 Dictum
808 1035 853 1082 est
866 1046 871 1082 :
884 1048 910 1080 12
931 1037 968 1078 De
976 1037 994 1078 t.
1005 1040 1034 1078 1⁶.

119 1103 190 1159 Non
205 1099 343 1160 temtabis
359 1099 526 1160 Dominum
541 1103 642 1160 Deum
656 1111 750 1159 tuum.

160 1184 199 1240 Et
213 1192 420 1240 consummata
434 1183 517 1240 omni
532 1180 716 1255 temtatione,
733 1180 872 1242 diabolus
884 1209 912 1256 13
943 1220 944 1223 =

78 1327 86 1352 Ι
118 1261 238 1322 recessit
251 1262 290 1322 ab
305 1261 356 1320 illo
370 1263 519 1338 usquead
533 1274 659 1338 tempus.

78 1329 102 1384 -⁷
159 1346 198 1402 Et
212 1363 360 1420 regressus
375 1355 419 1403 est
435 1345 520 1403 Iesus
535 1342 565 1402 in
581 1343 689 1404 uirtute
700 1343 825 1421 Spiritus
839 1344 871 1405 in
883 1370 913 1420 14
931 1349 972 1391 Mt·
981 1351 1000 1391 4·
1013 1366 1041 1391 12·

85 1406 94 1431 ¹
117 1425 299 1485 Galilaeam:
314 1436 344 1484 et
358 1427 437 1484 fama
451 1424 521 1484 exiit
535 1444 587 1501 per
601 1424 770 1485 uniuersam
781 1427 873 1502 regio·
931 1400 1043 1500 llll?

116 1526 188 1565 nem
210 1509 249 1566 de
270 1505 329 1565 illo.
373 1509 412 1564 Et
426 1504 497 1582 ipse
516 1507 645 1566 docebat
663 1506 694 1566 in
716 1509 870 1585 synagogis
883 1532 911 1580 15
931 1526 1034 1577 Mt.4.23.

79 1643 103 1680 18
118 1607 238 1646 eorum:
255 1597 284 1646 et
299 1586 545 1664 magnificabatur
558 1587 597 1646 ab
612 1586 761 1647 omnibus.

78 1691 103 1745 ἦ
159 1670 198 1726 Et
213 1667 295 1726 uenit
310 1669 466 1740 Nazareth,
483 1667 535 1726 ubi
550 1679 611 1727 erat
625 1668 752 1727 nutritus
764 1691 770 1727 :
784 1679 815 1728 et
829 1668 871 1728 in·
882 1681 911 1729 16
972 1681 1036 1721 Μ

117 1748 206 1807 trauit
234 1750 400 1807 secundum
429 1748 678 1828 consuetudinem
707 1768 792 1808 suam
820 1750 870 1810 die
929 1729 1078 1821 ffil³i⁴⁶⁵⁸

117 1828 234 1888 sabbati
248 1829 279 1886 in
294 1841 529 1906 synagogam,et
543 1829 666 1889 surrexit
681 1831 784 1905 legere.
829 1833 869 1889 Et
881 1850 909 1904 ¹7
928 1854 965 1896 ns,
975 1855 1006 1896 n,
1017 1870 1033 1907 1,
1043 1870 1061 1896 2,

117 1909 242 1968 traditus
261 1919 306 1968 est
327 1908 370 1968 illi
392 1909 465 1969 liber
486 1911 650 1986 prophetae
672 1909 786 1968 Esaiae.
830 1912 870 1970 Et

115 2002 149 2048 ut
161 1991 287 2049 reuoluit
297 1989 415 2062 librum,
426 1989 541 2050 inuenit
553 1991 653 2049 locum
664 1988 715 2049 ubi
727 1990 870 2067 scriptum

115 2082 195 2131 erat:

157 2150 282 2227 Spiritus
308 2151 433 2212 Domini
455 2173 544 2230 super
566 2173 622 2226 me,
646 2163 766 2230 propter
786 2154 910 2227 quod18

198 2245 282 2292 unxit
296 2254 362 2294 me:
450 2291 451 2294 ,

157 2313 357 2390 euangelizare
371 2314 552 2392 pauperibus
567 2313 647 2373 misit
661 2334 727 2374 me:

156 2393 327 2485 praedicare
346 2394 471 2472 captiuis
491 2394 705 2468 remissionem,
724 2407 753 2454 et
773 2395 870 2455 caecis
955 2427 956 2430 ¹

198 2495 314 2534 ursum:

157 2554 305 2616 dimittere
319 2559 485 2619 confractos
500 2556 531 2616 in
545 2556 767 2617 remissionem:

156 2636 327 2713 praedicare
353 2659 467 2698 annum
495 2637 619 2698 Domini
647 2649 812 2715 acceptum,
839 2649 909 2713 et19
927 2647 1060 2691 Leu25-10·

197 2716 278 2776 diem
293 2718 502 2779 retributionis.

117 2799 157 2857 Et
170 2817 240 2857 curn
251 2798 402 2875 plicuisset
413 2800 530 2873 librum,
543 2801 673 2862 reddidit
684 2801 827 2873 ministm,
840 2811 870 2860 et
880 2825 911 2858 20
979 2837 982 2844 -

149 2912 160 2942 ⁹
175 2928 253 2974 super
270 2909 322 2968 Sd:
420 2913 442 2946 ¹⁰
459 2910 591 2962 mandauit
608 2913 660 2970 Μ
758 2914 779 2946 ¹⁷
800 2913 920 2969 >Isaiae
938 2914 1079 2975 prophetae

116 2977 169 3032 Μ
234 2978 256 3010 ¹⁸
275 2979 383 3028 Uersum
395 2979 559 3027 distinm'mus
570 2996 626 3027 cum
643 2978 692 3027 cod.
705 2979 738 3039 A,
752 2979 781 3040 ιβ
796 2981 869 3026 unxit
886 2994 936 3039 me,
951 2978 1079 3038 euangeli-

115 3058 175 3091 zare
187 3045 345 3105 pauperibus
356 3045 424 3091 misit
431 3059 479 3104 me,
486 3044 530 3098 di:
547 3049 631 3093 contra
638 3046 713 3092 unxit
722 3045 952 3105 me'euangelizare
960 3042 1076 3104 pauperi·

116 3109 172 3168 bus,
186 3110 254 3157 misit
265 3125 305 3157 me
318 3109 342 3165 5
377 3117 380 3121 '
391 3112 470 3158 misit
481 3123 542 3158 me:
566 3123 584 3160 ÷
593 3124 685 3158 sanare
697 3109 820 3157 contritos
833 3110 910 3157 corde
923 3106 1024 3165 szo

577 3201 622 3250 ¹43
