2250 3630
36 199 39 205 Δ
74 165 221 238 12.15-25
412 162 550 226 ACTUS
572 164 893 226 APOSTOLORUM

283 319 327 381 uit
342 336 447 381 uocem
464 318 551 393 Petri,
567 339 638 398 prae
651 322 763 397 gaudio
779 340 843 381 non
861 323 976 398 aperuit
997 321 1037 382 ia-

282 404 442 475 nuam,sed
452 400 530 461 intro
539 421 659 462 currens
668 404 817 463 nuntiauit
826 415 903 462 stare
913 405 1036 463 Petrum

149 510 180 553 25,
191 525 222 561 ,7,
242 505 270 554 15
281 482 488 543 anteianuam.
512 485 554 542 At
562 483 604 541 illi
613 484 752 544 dixerunt
760 487 799 544 ad
809 505 889 545 eam:
905 484 1035 547 Insania

99 562 139 603 m.
150 561 180 603 ¹⁸·
192 577 221 602 ¹⁰·
282 566 338 624 Illa
352 575 453 624 autem
467 563 645 624 adfirmabat
660 564 703 624 sic
718 586 750 626 se
764 566 883 627 habere.
929 565 976 625 Illi
986 580 1037 626 au·

242 656 270 705 46
282 657 343 706 tem
357 644 515 705 dicebant:
538 648 671 723 Angelus
687 645 750 707 eius
769 659 822 707 est.
866 650 971 707 Petrus
986 667 1037 707 au-

281 738 342 786 tem
352 724 560 804 perseuerabat
570 729 704 804 pulsans:
716 748 786 788 cum
794 739 894 788 autern
906 730 1038 806 aperuis·
1069 790 1073 796 ,

89 829 136 869 Act.
148 827 200 868 15.1
192 842 222 879 13.
241 827 269 879 ιγ
281 818 356 877 sent,
367 808 507 866 uiderunt
516 827 595 878 eum
606 819 637 867 et
648 807 864 886 obstipuerunt
888 809 1037 868 Annuens

281 900 382 947 autem
392 887 435 947 eis
447 908 539 947 manu
548 900 581 948 ut
590 900 721 948 tacerent
723 889 1037 966 ,narrauitquomodo

283 970 433 1029 Dominus
444 968 595 1029 eduxisset
609 979 679 1030 eum
694 971 733 1030 de
747 990 872 1040 carcere,
884 969 1037 1048 dixitque:

282 1049 428 1110 Nuntrate
438 1051 552 1110 Iacobo
562 1062 592 1110 et
601 1050 738 1109 fratribus
747 1052 829 1110 haec
852 1053 891 1109 Et
900 1071 1038 1128 egressus

119 1147 221 1196 542122.
241 1130 378 1191 rsabut
370 1152 401 1189 m
415 1131 508 1191 altum
522 1133 632 1191 locum
677 1132 768 1192 Facta
781 1144 882 1190 autem
897 1131 956 1204 die,
974 1144 1038 1192 erat

282 1232 344 1272 non
358 1223 477 1290 paruat
465 1211 619 1277 turbatio
611 1222 687 1270 mter
702 1211 819 1285 milites,
836 1214 982 1289 quidnam
998 1215 1038 1272 de

241 1317 271 1368 19
283 1296 371 1353 Petro
386 1295 497 1351 factum
513 1303 601 1352 esset.
645 1294 785 1353 Herodes
799 1305 900 1352 autem
913 1313 984 1352 cum
996 1315 1039 1352 re-

281 1373 421 1450 quisisset
438 1393 517 1445 eum,
532 1385 562 1433 et
577 1393 638 1433 non
653 1373 825 1444 inuenisset,
842 1373 1038 1450 inquisitione

263 1488 266 1494 ·
281 1457 359 1514 lacta
374 1455 413 1513 de
427 1454 612 1527 custodibus
630 1455 715 1514 iussit
729 1474 782 1514 eos
801 1457 892 1514 duci:
914 1456 1039 1516 descen-

281 1538 417 1612 densque
431 1555 449 1592 a
465 1537 579 1595 Iudaea
592 1535 623 1594 in
639 1537 826 1616 Caesaream,
846 1535 887 1596 ibi
904 1556 1039 1610 commo

281 1627 362 1675 ratus
377 1628 431 1674 est.

240 1720 271 1755 4ο
323 1700 394 1756 Erat
405 1708 505 1757 autem
515 1697 605 1757 iratus
617 1696 713 1774 Tyriis
725 1710 755 1757 et
764 1696 902 1758 Sidoniis.
945 1701 987 1757 At
996 1697 1038 1757 illi

282 1777 440 1837 unanimes
469 1790 616 1838 uenerunt
649 1780 688 1837 ad
722 1798 800 1849 eum,
831 1791 861 1839 et
893 1799 1039 1856 persuaso

282 1861 392 1932 Blasto,
410 1859 461 1936 qui
476 1871 537 1919 erat
552 1880 641 1938 super
655 1861 828 1920 cubiculum
840 1859 924 1937 regis,
938 1873 1040 1937 postu·

282 1940 385 2001 labant
400 1961 513 2017 pacem,
530 1961 568 2000 eo
579 1941 662 2017 quod
676 1942 825 2001 alerentur
839 1941 976 2018 regiones
991 1961 1040 2002 eo

241 2047 268 2080 21
282 2043 347 2081 rum
363 2021 478 2081 abillo.
522 2023 641 2081 Statuto
655 2034 755 2081 autem
771 2022 821 2082 die
837 2023 979 2083 Herodes
990 2043 1040 2083 ue·

282 2106 367 2161 stitus
389 2114 473 2162 ueste
493 2102 572 2179 regia
587 2103 664 2162 sedit
681 2123 736 2181 pro
753 2102 901 2175 tribunali,
918 2114 949 2164 et
970 2124 1042 2164 con-

92 2209 152 2251 132„
163 2209 223 2250 23,²
241 2209 268 2240 22
282 2183 452 2243 tionabatur
466 2185 506 2242 ad
520 2204 581 2243 eos.
628 2186 760 2262 Populus
774 2195 875 2243 autem
889 2186 1040 2244 adclama-

101 2291 135 2330 oa
137 2291 218 2339 7,,774
220 2287 271 2338 23
283 2263 352 2323 bat
377 2263 433 2322 Dei
449 2284 547 2336 uoces,
564 2276 594 2324 et
609 2284 671 2324 non
686 2264 824 2325 hominis.
869 2265 1040 2326 Confestim

30 2403 33 2408 ,
122 2343 152 2390 ⁸
163 2340 218 2381 5
281 2355 382 2404 autem
393 2357 552 2421 percussit
547 2366 616 2406 eum
626 2348 749 2422 angelus
762 2344 895 2417 Domini,
906 2365 945 2406 eo
956 2349 1040 2425 quod

283 2445 344 2484 non
359 2426 492 2485 dedisset
508 2428 654 2486 honorem
672 2429 755 2486 Deo:
779 2438 808 2486 et
828 2440 1007 2508 consumtus
1022 2449 1040 2486 a

283 2505 446 2580 uermibus,
462 2507 615 2584 expirauit.

121 2599 197 2690 4641616·
206 2614 224 2650 ⁷
242 2612 273 2660 ²4
325 2587 462 2648 Uerbum
477 2600 577 2648 autem
591 2587 715 2648 Domini
727 2587 895 2661 crescebat,
900 2599 931 2648 et
942 2588 1043 2649 multi-

193 2664 224 2697 ²*
285 2667 458 2746 plicabatur.

114 2761 143 2802 11.
154 2776 185 2814 29,
195 2778 225 2815 30.
244 2776 254 2807 2
259 2773 272 2820 5
326 2750 479 2809 Barnabas
500 2762 601 2810 autem
621 2762 651 2810 et
670 2752 776 2810 Saulus
791 2749 900 2809 reuersi
916 2750 1041 2810 suntab

285 2913 384 2972 hanne
399 2911 450 2988 qui
465 2911 692 2988 cognominatus
707 2924 751 2971 est
767 2914 895 2990 Marcus,

110 3015 129 3047 ¹⁵
146 3018 287 3067 affirmabat
300 3020 351 3075 Μ
418 3020 439 3052 ¹⁸
457 3019 795 3078 aperuissent÷ostiumz
852 3007 1050 3084 obstupuerunt*

76 3079 128 3137 §d
206 3081 226 3114 ¹³
247 3093 273 3138 >
283 3085 379 3134 sactum
392 3093 463 3134 esset
472 3087 505 3134 de
517 3086 595 3134 Petro
607 3085 660 3142 Sd}
738 3085 757 3116 ²¹
775 3085 978 3136 concionabatur
989 3086 1042 3144 ΞΘ

75 3146 96 3177 ²²
113 3146 266 3198 acclamabat
279 3149 331 3205 Μ

532 3245 579 3293 3¹4
