2250 3630
101 155 151 214 22.
166 166 251 230 49-62
477 155 719 216 SECUNDUM
741 155 893 215 LUCAM

269 340 302 383 49
311 310 384 368 lium
396 309 526 369 hominis
541 312 654 370 tradis?
689 312 837 371 Uidentes
852 322 953 369 autern
968 310 999 368 hi
1011 314 1061 387 qui
1076 294 1116 361 23⁷

309 390 388 449 circa
399 392 496 467 ipsum
508 404 591 450 erant
603 392 687 467 quod
695 392 828 449 futurum
839 403 911 462 erat,
924 390 1062 450 dixerunt
1092 384 1100 407 ¹

270 498 302 544 5ο
311 471 355 531 ei:
376 471 516 544 Domine,
528 471 551 530 si
561 472 743 548 percutimus
753 473 784 529 in
793 470 916 547 gladio?
948 473 989 530 Et
999 492 1063 548 per-

310 554 402 612 cussit
421 573 498 612 unus
514 573 550 612 ex
563 552 620 611 illis
635 572 754 612 seruum
772 551 913 629 principis
928 555 1064 613 sacerdo-

310 648 383 706 tum,
407 647 437 694 et
457 634 625 710 amputauit
645 633 808 692 auriculam
830 633 894 693 eius
916 635 1059 693 dextram.

271 717 514 792 51Respondens
533 727 635 774 autem
656 716 749 786 Iesus
770 713 828 772 ait:
850 714 945 774 Sinite
965 736 1062 792 usque

310 800 378 856 huc,
415 799 454 855 Et
469 816 538 855 cum
554 794 698 872 tetigisset
711 795 874 854 auriculam
889 797 962 868 eius,
979 817 1064 856 sana-
1077 821 1118 866 222,

270 903 298 947 5²
310 877 355 935 uit
367 897 444 936 eum.
479 876 563 935 Dixit
575 889 677 936 autem
690 877 776 935 Iesus
788 878 830 936 ad
840 898 893 936 eos
905 879 956 954 qui
972 898 1062 937 uene·
1077 904 1123 952 239,

309 970 374 1015 rant
387 958 428 1016 ad
442 977 475 1017 se
489 956 638 1034 principes
653 959 850 1030 sacerdotum,
866 972 897 1017 et
912 958 1062 1036 magistra-

309 1053 357 1096 tus
379 1040 494 1115 templi,
514 1051 545 1098 et
566 1037 714 1098 seniores:
737 1038 832 1114 Quasi
852 1041 893 1099 ad
915 1041 1061 1100 latronem

268 1144 299 1189 55
310 1117 409 1178 existis
426 1139 496 1178 cum
513 1119 628 1197 gladiis,
645 1132 675 1179 et
688 1119 833 1180 fustibus:
864 1142 934 1179 cum
949 1121 1061 1181 cotidie

309 1199 468 1258 uobiscum
488 1201 594 1260 fuerim
616 1203 648 1258 in
668 1203 789 1278 templo,
805 1223 868 1261 non
885 1202 1061 1262 extendistis

310 1300 416 1338 manus
430 1280 467 1338 in
487 1299 554 1341 me:
576 1283 631 1340 sed
649 1282 725 1340 haec
744 1295 789 1340 est
808 1285 883 1342 hora
902 1294 1008 1355 uestra,
1031 1298 1061 1342 et

251 1402 252 1406 ,
308 1373 439 1438 potestas
455 1361 653 1420 tenebrarum.

102 1455 252 1507 nt.2s,57,5s,
271 1467 302 1514 54
353 1440 653 1518 Comprehendentes
662 1456 764 1502 autem
774 1465 852 1516 eum,
864 1447 1012 1503 duxerunt
1021 1447 1061 1505 ad
1076 1479 1120 1517 290,

101 1506 252 1607 ‘llffif‘ffflgj
311 1524 437 1583 domum
458 1520 600 1598 principis
625 1524 830 1582 sacerdotum:
861 1527 965 1583 Petrus
989 1545 1062 1584 uero
1077 1558 1123 1593 291!

142 1632 207 1674 5552
270 1628 300 1675 55
311 1602 491 1679 sequebatur
504 1622 523 1661 a
537 1604 635 1678 longe.
680 1607 818 1663 Accenso
835 1618 936 1664 autem
954 1604 1015 1682 igni
1030 1604 1062 1663 in

100 1684 251 1775 &iffi
311 1683 412 1744 medio
436 1683 519 1756 atrio,
542 1695 573 1743 et
597 1684 885 1744 circumsedentibus
908 1684 973 1758 illis,
999 1701 1062 1746 erat

100 1750 251 1834 inlita-li}
270 1776 302 1837 56
311 1767 416 1825 Petrus
431 1765 463 1824 in
477 1763 579 1826 medio
589 1784 704 1824 eorum.
740 1767 840 1840 Quem
855 1786 924 1825 cum
936 1765 1062 1828 uidisset

53 1847 55 1850 ’
183 1850 252 1886 ²⁵*⁷·
309 1847 417 1906 ancilla
430 1848 580 1923 quaedam
595 1848 752 1907 sedentem
765 1848 805 1906 ad
819 1848 930 1918 lumen,
946 1857 976 1905 et
991 1867 1062 1906 eum

269 1947 299 1999 57
310 1927 413 1987 fuisset
424 1927 538 2000 intuita,
552 1926 644 1987 dixit:
668 1929 707 1986 Et
718 1927 768 1986 hic
777 1948 847 1986 cum
856 1927 909 1986 illo
918 1939 989 1987 erat.
1019 1932 1062 1987 At
1075 1921 1113 1973 351?

308 2007 357 2068 ille
374 2008 495 2086 negauit
514 2029 593 2081 eum,
615 2008 737 2068 dicens:
764 2008 882 2080 Mulier,
903 2028 966 2068 non
988 2009 1062 2068 noui
1092 1997 1099 2020 ¹

268 2103 299 2162 58
309 2089 401 2149 illum.
452 2092 491 2148 Et
512 2102 581 2165 post
602 2089 744 2166 pusillum
762 2088 836 2148 alius
853 2089 961 2149 uidens
979 2110 1059 2162 eum,

307 2169 398 2230 dixit:
421 2173 460 2229 Et
478 2183 510 2229 tu
528 2171 566 2229 de
585 2169 641 2229 illis
660 2191 700 2230 es.
739 2173 844 2230 Petrus
863 2189 935 2230 uero
948 2168 1008 2230 ait:
1031 2173 1061 2232 Ο

266 2276 298 2324 59
307 2253 406 2322 homo,
428 2271 490 2310 non
513 2271 588 2309 sum.
633 2254 673 2310 Et
695 2251 853 2310 interuallo
872 2253 952 2311 facto
974 2252 1061 2327 quasi

306 2333 397 2390 horae
411 2331 508 2404 unius,
521 2331 596 2391 alius
612 2332 736 2408 quidam
748 2333 923 2404 affirmabat,
936 2330 1042 2392 dicens
1055 2357 1061 2392 :

306 2414 387 2472 Uere
396 2425 426 2472 et
434 2411 484 2471 hic
492 2433 563 2471 cum
572 2411 623 2472 illo
633 2426 708 2472 erat:
723 2434 794 2472 nam
803 2420 834 2472 et
844 2413 996 2473 Galilaeus
1005 2428 1059 2472 est.

265 2504 298 2551 60
308 2490 312 2526 ³
324 2495 363 2550 Et
375 2492 418 2551 ait
430 2495 551 2552 Petrus:
572 2495 687 2567 H0m0‚
701 2494 804 2554 neseio
815 2494 889 2570 quid
903 2493 987 2554 dicis.
1021 2497 1061 2553 Et

165 2638 167 2642 ,
305 2572 451 2633 continuo
464 2576 566 2634 adhue
581 2574 633 2634 illo
648 2577 791 2651 loquente
806 2574 939 2634 cantauit
953 2577 1059 2652 gallus.
1102 2640 1110 2652 Ἴ

197 2696 198 2699 ¹
265 2666 292 2712 61
308 2652 312 2688 ¹
324 2656 364 2713 Et
378 2674 539 2714 conuersus
552 2655 703 2716 Dominus
715 2656 843 2732 respexit
858 2659 989 2715 Petrum.
1021 2659 1061 2716 Et
1075 2640 1111 2740 32³

305 2737 477 2796 recordatus
485 2748 531 2798 est
536 2739 641 2797 Petrus
651 2736 735 2796 uerbi
745 2736 878 2810 Domini,
885 2736 963 2796 sicut
971 2736 1060 2798 dixit:

305 2807 386 2892 Quia
394 2819 475 2894 prius
485 2837 576 2894 quam
585 2819 681 2894 gallus
690 2831 798 2891 cantet,
811 2832 855 2877 ter
864 2837 914 2878 me
923 2817 1059 2894 negabis.

264 2909 293 2954 (η
305 2900 344 2956 Et
359 2918 494 2974 egressus
509 2900 586 2957 foras
602 2901 705 2957 Petrus
721 2898 802 2957 fleuit
816 2918 925 2958 amare.

130 3058 364 3122 &dexteramzdt
433 3064 492 3110 mm
511 3064 635 3112 fustibus?
654 3064 717 3111 Cum
733 3062 784 3118 ΞΘ
851 3064 871 3095 ⁵⁴
889 3070 1061 3122 sequebatur

107 3127 227 3183 *eumz
294 3128 456 3188 fitigneztt
523 3130 581 3177 atrii
595 3128 647 3184 ΞΘ,
714 3129 733 3160 ω
751 3129 849 3176 dixerat
862 3128 914 3184 ΞΘ

554 3208 601 3257 206
