2250 3630
221 135 360 194 Actus
381 111 703 213 Aposuououuu
909 136 959 194 23.
976 155 1042 210 3-13

78 300 109 350 et
123 287 338 348 resurrectione
352 302 538 350 mortuorum
554 311 611 368 ego
625 289 748 351 iudicor.
794 293 858 364 th

78 391 149 430 cum
174 371 249 429 haec
270 368 399 443 dixisset,
422 372 500 431 facta
520 384 565 432 est
586 371 733 432 dissensio
758 373 836 432 inter

79 449 254 511 Pharisaeos
270 463 300 510 et
310 453 511 544 Sadducaeos,
523 465 553 513 et
568 455 666 513 soluta
679 465 724 514 est
739 453 835 513 multi·

79 535 163 593 tudo.
206 532 375 592 Sadducaei
394 533 475 592 enim
496 536 602 594 dicunt
623 554 686 593 non
707 553 773 594 esse
791 547 856 595 res
893 548 934 596 'rut
944 553 998 596 222
987 570 1017 605 23

79 611 303 685 surrectionem,
330 634 428 691 neque
456 617 603 691 angelum
627 635 726 691 neque
754 613 834 691 spiri·
894 606 979 697 Ἠ]
983 599 1018 705 ¹}

78 707 162 754 tum:
195 693 345 755 Pharisaei
370 706 471 754 autem
494 708 620 772 utraque
645 698 833 756 confitentur.

97 779 206 834 Factus
223 786 267 834 est
286 788 387 835 autem
406 778 518 836 clamor
537 796 672 854 magnus.
715 780 755 837 Et
772 797 860 853 sur-9

78 868 183 934 gentes
202 857 326 932 quidam
349 856 583 930 Pharisaeorum,
599 857 773 936 pugnabant
793 856 837 918 di-

79 949 200 997 centes:
222 936 305 996 Nihil
320 937 390 996 mali
405 936 576 997 inuenimus
584 936 616 996 in
628 938 750 998 homine
759 938 835 1000 isto:

79 1016 154 1096 quid
168 1017 193 1076 si
208 1017 326 1095 spiritus
341 1020 458 1077 locutus
472 1030 517 1078 est
528 1019 564 1092 ei,
574 1029 626 1078 aut
634 1021 780 1095 angelus?
797 1021 838 1078 Et
848 1042 879 1079 10

78 1119 149 1158 cum
166 1118 273 1174 magna
287 1098 434 1158 dissensio
455 1100 534 1158 facta
552 1110 638 1172 esset,
661 1099 770 1159 timens
788 1098 837 1159 tri·
928 1131 930 1134 ’

79 1180 180 1239 bunus
195 1199 233 1238 ne
247 1178 462 1256 discerperetur
476 1182 587 1239 Paulus
601 1178 640 1241 ab
655 1179 735 1257 ipsis,
752 1179 836 1239 iussit

80 1258 189 1320 milites
204 1261 395 1332 descendere,
412 1271 442 1320 et
461 1280 564 1352 rapere
583 1278 653 1321 eum
672 1262 712 1321 de
733 1262 835 1320 medio

78 1361 193 1413 eorum,
209 1360 245 1399 ac
259 1342 409 1401 deducere
420 1361 494 1401 eum
508 1341 539 1400 in
553 1352 656 1402 castra

59 1484 62 1492 .
120 1423 264 1498 Sequenti
272 1434 372 1482 autem
382 1434 472 1482 nocte
479 1421 663 1482 adsistens
637 1442 665 1483 er
675 1420 835 1494 Dominus,
847 1447 875 1480 11
894 1445 925 1488 ιε
935 1461 975 1498 3
963 1446 993 1488 2,)
1006 1451 1034 1498 3

77 1501 138 1563 ait:
161 1504 311 1564 Constans
326 1514 411 1563 esto:
432 1503 600 1563 sicutenim
615 1504 790 1564 testificatus
804 1523 836 1562 es
894 1497 967 1588 {32¹³-
960 1547 1023 1598 333
1025 1563 1043 1598 ⁴-

77 1585 119 1642 de
141 1602 192 1644 me
213 1585 412 1657 Hierusalem,
432 1583 474 1644 sic
492 1595 522 1644 te
538 1595 657 1662 oportet
671 1594 701 1644 et
721 1586 839 1644 Romae

79 1663 241 1726 testificari.

122 1748 214 1808 Facta
228 1760 329 1807 autem
343 1747 394 1807 die
414 1749 597 1824 collegerunt
614 1767 646 1806 se
661 1746 784 1823 quidam
798 1767 835 1806 ex
849 1770 875 1804 12

80 1827 212 1903 Iudaeis,
243 1840 273 1888 et
301 1831 490 1890 deuouerunt
514 1849 546 1888 se
573 1828 708 1887 dicentes
730 1846 830 1902 neque

80 1911 323 1982 manducaturos,
351 1929 450 1986 neque
472 1908 618 1974 bibituros
639 1910 737 1967 donec
759 1907 836 1966 occi-

79 1990 187 2049 derent
198 1992 334 2050 Paulum.
372 1993 465 2050 Erant
474 2001 575 2049 autem
586 1991 653 2065 plus
664 2007 753 2063 quam
766 2007 835 2065 qua·
847 2011 876 2059 13

79 2069 283 2147 dragintaqui
292 2071 371 2130 hanc
380 2069 617 2130 coniurationem
626 2071 757 2128 fecerant
767 2094 773 2128 :
785 2067 838 2144 qui
850 2093 879 2142 14

78 2163 270 2212 accesserunt
279 2153 320 2211 ad
331 2150 479 2229 principes
494 2152 684 2210 sacerdotum
697 2159 727 2209 et
742 2148 837 2209 senio

78 2251 136 2304 res,
153 2243 183 2292 et
205 2231 365 2293 dixerunt:
389 2231 561 2292 Deuotione
579 2231 759 2290 deuouimus
781 2249 836 2290 nos

80 2311 156 2371 nihil
178 2325 356 2391 gustaturos,
382 2315 480 2373 donec
501 2311 675 2372 occidamus
700 2314 835 2372 Paulum.

80 2396 173 2453 Nunc
188 2414 258 2472 ergo
271 2414 327 2456 uos
337 2406 442 2456 notum
457 2392 545 2453 facite
559 2391 680 2454 tribuno
689 2413 758 2453 cum
768 2412 837 2453 con·
849 2415 877 2464 15

39 2541 43 2550 3
79 2473 209 2548 οἱΙὶο,ἰιϊ
224 2477 383 2568 producat
387 2475 469 2534 illum
484 2476 524 2535 ad
539 2493 603 2546 uos,
620 2485 773 2564 tamquam
788 2472 838 2533 ali·

79 2555 156 2631 quid
170 2555 279 2616 certius
296 2555 442 2633 cognituri
458 2559 497 2616 de
512 2575 567 2616 eo:
588 2575 645 2614 nos
665 2575 737 2614 uero
757 2554 837 2631 prius

79 2656 173 2712 quam
185 2638 350 2715 adpropiet,
357 2634 450 2714 parati
460 2656 563 2696 sumus
573 2634 834 2724 interficereillurn.

79 2719 177 2792 Quod
197 2737 268 2777 cum
288 2717 420 2778 audisset
439 2719 517 2777 filius
538 2717 647 2778 sororis
665 2713 776 2775 Pauli
769 2713 836 2773 msi-
848 2723 878 2773 16

79 2797 156 2871 dias,
172 2800 255 2858 uenit
273 2810 302 2859 et
319 2798 439 2858 intrauit
461 2801 491 2857 in
511 2810 613 2870 castra,
630 2793 838 2871 nuntiauitque

80 2880 187 2939 Paulo.
231 2881 354 2941 Uocans
366 2891 467 2939 autem
479 2881 590 2937 Paulus
603 2880 643 2939 ad
653 2896 685 2937 se
696 2894 790 2935 unum
799 2894 836 2935 ex
849 2895 878 2948 13

78 2959 317 3034 centurionibus,
340 2956 400 3020 ait:
423 2962 656 3019 Adulescentem
676 2958 757 3016 hunc
777 2976 839 3033 per-

221 3107 241 3138 11
260 3111 294 3156 de
305 3107 410 3157 33333333
423 3105 476 3162 ξπ
541 3106 562 3138 13
579 3103 845 3164 quadragintuviri
858 3102 910 3159 Μ

545 3193 591 3246 347
