2250 3630
99 161 129 222 a.
146 183 233 248 30ss40
434 159 576 220 Acrus
596 154 919 218 APOSTOLORUM
988 138 993 147 '

306 320 369 372 tem
384 309 510 390 Spiritus
524 309 682 389 Philippo:
696 311 828 382 Accede,
844 321 874 369 et
887 309 1017 386 adiunge
1032 321 1063 371 te

267 415 300 464 3ο
307 394 347 454 ad
357 413 476 454 currum
484 392 583 453 istum.
602 394 774 452 Adcurrens
784 403 885 452 autem
895 390 1061 469 Philippus,

306 473 423 535 audiuit
441 494 511 534 eum
529 475 677 552 legentem
697 472 817 532 Esaiam
831 473 1017 550 prophetam,
1033 486 1064 533 et

108 574 171 616 son
179 571 210 616 to.
218 586 250 624 14.
265 577 295 626 3ι
307 554 400 615 dixit:
422 558 553 614 Putasne
561 554 706 632 intellegis
716 574 794 631 quae
804 552 899 630 legis?
928 554 989 628 Qui
1004 552 1064 614 ait:

310 638 349 696 Et
363 636 519 712 quomodo
528 655 661 712 possum,
671 638 696 695 si
710 655 773 695 non
783 633 890 712 aliquis
900 635 1066 695 ostenderit

308 717 407 776 mihi?
441 715 632 794 Rogauitque
644 716 824 793 Philippum,
840 726 873 775 ut
886 717 1065 776 ascenderet

114 819 249 872 Essent.
266 820 296 869 3²
308 809 339 857 et
359 799 477 857 sederet
499 818 613 859 secum.
655 799 755 858 locus
776 808 879 856 autem
900 794 1065 874 scripturae

140 887 145 903 '
307 898 399 956 quam
413 878 539 956 legebat,
554 892 616 938 erat
629 877 698 938 hic:

348 962 518 1036 Tamquam
533 959 600 1020 ouis
612 960 653 1018 ad
666 960 850 1020 occisionem
865 960 973 1033 duetus
987 972 1050 1019 est:

389 1052 420 1100 et
440 1039 516 1100 sicut
540 1060 634 1118 agnus
654 1060 756 1100 coram
780 1041 926 1100 tondente
945 1059 978 1099 se
999 1040 1066 1100 sine

431 1141 515 1193 uoce,

349 1201 393 1262 sie
406 1221 468 1262 non
482 1201 598 1279 aperuit
612 1222 647 1262 os
661 1222 758 1262 suum.

267 1304 299 1353 33
392 1284 429 1342 In
439 1282 607 1343 humilitate
616 1281 761 1343 iudicium
772 1284 836 1342 eius
846 1281 998 1342 sublatum
1009 1292 1065 1340 est„

350 1363 584 1423 Generationem
598 1363 676 1423 illius
690 1363 757 1439 quis
771 1363 943 1423 enarrabit?

389 1443 533 1520 quoniam
547 1443 660 1504 tollitur
673 1446 712 1505 de
726 1456 802 1504 terra
816 1446 878 1504 uita
892 1445 964 1502 eius

266 1545 299 1597 34
310 1524 510 1600 Respondens
520 1536 621 1584 autem
635 1526 792 1584 eunuchus
806 1524 955 1601 Philippo,
970 1523 1067 1597 dixit3
1097 1581 1099 1584 Α

308 1603 446 1664 Obsecro
455 1616 493 1677 te,
505 1606 615 1682 dequo
628 1607 775 1684 propheta
787 1605 859 1666 dicit
870 1607 952 1664 hoc?
971 1606 1012 1664 de
1022 1625 1064 1676 se,

267 1708 297 1757 35
309 1704 347 1744 an
359 1686 398 1744 de
407 1683 468 1745 alio
477 1684 601 1763 aliquo?
632 1686 780 1764 Aperiens
793 1699 894 1747 autem
906 1684 1065 1763 Philippus

308 1785 454 1839 ossuum,
469 1779 499 1826 et
517 1766 664 1844 incipiens
678 1768 718 1828 ab
732 1767 877 1846 scriptura
895 1766 959 1840 ista,
975 1785 1067 1826 euan-

178 1868 208 1910 10.
219 1882 249 1920 ⁴⁷·
266 1856 298 1917 36
307 1845 445 1925 gelizauit
462 1846 505 1906 illi
520 1849 630 1908 Iesum.
673 1851 713 1909 Et
727 1850 801 1908 dum
816 1848 891 1909 irent
905 1868 959 1926 per
972 1847 1064 1920 uiam,

307 1940 454 1988 uenerunt
461 1930 501 1989 ad
509 1931 662 2006 quandam
671 1948 795 2007 aquam:
806 1942 836 1990 et
844 1932 886 1989 ait
894 1930 1063 1995 eunuchus:

266 2021 297 2079 38
309 2010 389 2068 Ecce
408 2028 493 2085 aqua,
509 2009 582 2087 quid
602 2010 741 2088 prohibet
757 2031 806 2071 me
819 2009 984 2087 baptizari?
1026 2011 1067 2068 Et

307 2087 392 2149 iussit
401 2101 478 2149 stare
486 2110 618 2152 currum:
634 2103 663 2151 et
671 2093 892 2152 descenderunt
900 2102 1026 2167 uterque
1034 2089 1067 2148 in

306 2190 426 2247 aquam,
442 2170 599 2249 Philippus
616 2183 646 2233 et
659 2174 833 2232 eunuchus:
854 2183 885 2231 et
902 2169 1067 2262 baptizauit

265 2273 297 2326 ³⁹
307 2253 987 2413 irDtilralgrtstllnttnsn
1001 2252 1067 2391 {l

99 2371 249 2471 &Reddidi
306 2413 382 2474 uidit
391 2435 461 2474 eum
471 2417 635 2476 eunuchus.
661 2416 731 2476 Ibat
739 2381 970 2492 enirirperuiam
979 2433 1065 2473 suam

133 2507 180 2548 nei
190 2507 220 2549 21.
230 2511 248 2550 a
266 2519 299 2567 40
308 2497 451 2572 gaudens.
495 2496 651 2575 Philippus
673 2509 773 2558 autern
802 2496 942 2556 inuentus
964 2506 1011 2554 est
1032 2492 1066 2552 in

307 2579 413 2649 Azot0‚
431 2589 461 2638 et
479 2577 678 2655 pertransiens
697 2577 920 2655 euangelizabat
939 2573 1066 2635 ciuitati·

307 2657 364 2717 bus
378 2657 503 2729 cunctis,
518 2660 616 2719 donec
630 2657 746 2719 ueniret
760 2660 946 2720 Caesaream.

131 2798 153 2828 ⁸³
170 2803 262 2850 illius:
283 2803 338 2852 eius
348 2803 403 2860 Μ
452 2803 615 2860 tolleturzdll
665 2804 686 2836 ³³
702 2807 757 2853 ab:
774 2803 852 2860 215OE
901 2803 923 2834 ³⁸
939 2801 1064 2861 quidne

101 2861 234 2920 ww:
251 2869 308 2928 quis
321 2869 400 2918 FG⁶V
465 2868 487 2900 ⁸⁷
506 2867 612 2918 Uersum
624 2870 824 2918 omisimuscum
834 2867 958 2917 A'CFG:
974 2868 1067 2917 hadent

100 2927 243 2993 A‘DVM,
261 2935 347 2997 legunt
362 2950 422 2982 uem
437 2934 489 2982 sic:
506 2933 572 2983 dixit
588 2941 674 2982 autem
693 2940 755 2997 (om.
771 2935 841 2996 Atv)
861 2933 1019 2996 Philippus:
1035 2935 1064 2983 si

100 2993 185 3039 credis
203 3011 236 3044 ex
254 3006 309 3046 toto
326 3001 411 3060 corde,
426 2999 496 3048 h'cet.
532 2999 564 3047 Et
581 3001 742 3061 respondens
758 3000 794 3049 ait
811 3000 886 3062 (dixit
904 2999 960 3064 DJ:
979 2999 1065 3048 Credo

102 3055 150 3104 Dei
163 3058 251 3109 Filium
266 3065 307 3124 (>
320 3064 410 3113 Filium
423 3064 472 3113 Dei
484 3063 609 3128 Αθῦξρῐ)
622 3080 681 3114 esse
698 3065 783 3114 Iesum
799 3065 933 3114 Christum
949 3065 1015 3130 (om.
1029 3065 1064 3128 D)

99 3120 120 3151 ³⁹
136 3128 229 3173 onim:
245 3135 331 3176 autem
342 3128 395 3183 Μ

555 3221 600 3268 30²
