2250 3630
81 121 127 179 16.
146 143 227 180 12-21
414 121 553 182 ACTUS
575 122 897 184 APOSTOLORUM

248 303 275 336 12
286 278 380 355 polim
391 303 398 340 z
419 291 450 340 et
458 278 531 341 inde
539 279 693 358 Philippis,
705 299 782 357 quae
791 293 836 340 est
847 278 942 358 prima
951 280 1045 358 partis

287 361 496 434 Macedoniae,
513 361 617 421 ciuitas
632 362 758 429 colonia.
801 364 927 420 Eramus
941 374 1045 422 autem

246 467 276 514 13
288 442 318 501 in
333 445 389 502 hac
404 443 479 503 urbe
493 442 600 503 diebus
614 441 727 520 aliquot
742 444 939 502 conserentes.
984 443 1046 504 Die

216 553 219 560 ·
283 535 383 584 antem
399 524 590 584 sabbatorum
600 523 708 600 egressi
723 543 826 583 sumus
834 525 913 582 foras
927 536 1046 600 portam

285 604 365 664 iuxta
379 607 500 675 flumen,
511 603 562 663 ubi
578 604 736 664 uidebatur
750 604 845 664 oratio
860 624 943 664 esse:
961 617 993 665 et
1003 626 1047 666 se-

287 688 393 746 dentes
403 684 601 762 loquebamur
616 685 789 745 mulieribus
804 705 881 761 quae
895 683 1047 748 conuene-

47 754 51 766 ’
93 784 229 860 npetu,
249 777 360 839 14rant.
391 769 430 825 Et
444 768 594 843 quaedam
610 766 715 826 mulier
724 765 848 826 nomine
863 766 967 844 Lydia,
979 788 1047 847 pur-

125 860 144 875 ”·
157 837 185 883 ¹⁸’
196 849 226 883 ²⁴·
286 845 403 924 puraria
411 845 539 906 ciuitatis
547 846 807 923 Thyatirenorum,
820 850 922 908 colens
932 851 1045 923 Deum,
1072 853 1075 859 ’

285 927 420 988 audiuit:
441 927 527 987 cuius
540 929 691 988 Dominus
699 928 815 1005 aperuit
826 949 879 988 cor
887 929 1047 991 intendere

246 1032 273 1078 15
286 1008 332 1067 his
357 1027 435 1085 quae
453 1009 631 1068 dicebantur
652 1029 671 1068 a
690 1010 792 1069 Paulo.
837 1011 916 1071 Cum
942 1023 1045 1072 autern

285 1090 435 1166 baptizata
448 1102 535 1161 esset,
551 1101 581 1149 et
600 1090 710 1149 domus
731 1089 803 1163 eius
820 1091 981 1168 deprecata
993 1106 1046 1167 ,est

285 1172 407 1230 dicens:
429 1169 459 1230 Si
471 1169 623 1239 iudicastis
633 1191 682 1231 me
691 1172 811 1230 fidelem
824 1171 960 1231 Domino
969 1192 1045 1246 esse,

286 1250 406 1311 introite
415 1253 446 1310 in
458 1253 583 1310 domum
596 1271 703 1325 meam,
714 1264 744 1311 et
755 1264 882 1312 manete.
927 1255 968 1312 Et
978 1273 1046 1314 coe-

282 1333 325 1409 git
340 1350 404 1391 nos.
983 1387 986 1392 .

90 1430 141 1471 teu.
152 1429 183 1486 ao.
194 1445 225 1480 27.
245 1423 275 1472 16
327 1414 452 1473 Factum
469 1424 513 1472 est
535 1424 635 1473 autem
657 1413 798 1474 euntibus
816 1412 904 1474 nobis
926 1415 968 1474 ad
982 1434 1046 1474 ora-

106 1481 142 1520 Μ’
154 1482 184 1520 ¹⁸·
197 1496 225 1523 ¹¹·
285 1492 407 1563 tionem,
424 1496 554 1570 puellam
566 1497 718 1572 quandam
730 1494 891 1554 habentem
907 1493 1044 1572 spiritum

93 1586 108 1620 ει
120 1532 226 1627 sahiii]
285 1576 449 1651 pythonem
465 1573 588 1635 obuiare
603 1575 701 1649 nobis,
718 1595 795 1652 quae
810 1587 969 1651 quaestum
985 1597 1046 1636 ma-

119 1631 225 1730 h⁵'3n‚¹31
284 1675 376 1732 gnum
405 1656 575 1732 praestabat
604 1657 735 1717 dominis
770 1657 831 1715 suis
865 1655 1043 1717 diuinando.

245 1739 374 1808 17Haec
389 1736 550 1796 subsecuta
565 1741 691 1797 Paulum
706 1750 736 1797 et
756 1757 820 1808 nos
837 1737 988 1798 clamabat
1002 1738 1045 1798 di·

77 1797 120 1838 m·
129 1799 146 1838 ¹·
157 1813 226 1899 ’ἓξὲξ
285 1836 374 1877 cens:
397 1816 451 1878 Isti
467 1817 605 1878 homines
617 1817 694 1879 serui
710 1817 769 1878 Dei
778 1818 887 1877 excelsi
899 1830 979 1891 sunt,
992 1818 1045 1896 qni

101 1897 464 1974 stc.m.17‚18adnuntiant
485 1899 573 1959 uobis
592 1899 672 1959 uiam
694 1898 806 1959 salutis.
850 1901 922 1958 Hoc
942 1911 1044 1959 autem

121 1975 225 2023 ΛΕΜ·
284 1979 412 2039 faciebat
435 1979 536 2040 multis
559 1979 672 2041 diebus.
716 1981 833 2040 Dolens
851 1991 954 2039 autem
971 1983 1045 2038 Pau·

284 2061 338 2131 lus
355 2074 385 2120 et
399 2080 562 2121 conuersus
578 2060 692 2137 spiritui
706 2060 797 2120 dixit:
820 2059 978 2137 Praecipio
990 2059 1045 2120 tibi

283 2140 313 2198 in
329 2141 452 2201 nomine
469 2144 538 2201 Iesu
555 2141 666 2203 Christi
687 2141 765 2200 exire
778 2142 877 2201 ab'ea.
922 2143 963 2201 Et
975 2141 1045 2202 exiit
1066 2186 1069 2190 -

282 2223 388 2280 eadem
405 2223 485 2281 hora.

153 2320 182 2360 n.
193 2335 224 2370 25.
244 2327 273 2376 19
326 2303 475 2361 Uident'es
491 2314 591 2363 autem
604 2302 719 2364 domini
735 2305 798 2362 eius
810 2301 880 2380 quia
894 2302 967 2362 exiit
976 2323 1044 2380 spes

284 2393 425 2458 quaestus
447 2403 559 2454 eorum,
582 2385 841 2462 adprehendentes
862 2386 993 2444 Paulum
1016 2396 1045 2444 et

87 2488 116 2530 ῃ,
127 2491 144 2531 ⁶,
155 2488 185 2530 ιε,
197 2503 226 2538 ,3,
243 2487 274 2521 20
285 2461 377 2521 Silam
392 2466 595 2540 perduxerunt
610 2464 642 2522 in
656 2465 753 2524 sorum
768 2466 807 2524 ad
822 2463 993 2543 principes:
1015 2476 1044 2525 et

153 2539 224 2581 Μ·
284 2544 442 2603 offerentes
466 2565 518 2603 eos
547 2544 775 2622 magistratibus
806 2545 963 2606 dixerunt:
1001 2545 1043 2605 Hi

284 2623 422 2684 homines
445 2626 624 2685 conturbant
641 2625 792 2686 ciuitatem
815 2638 961 2700 nostram,
974 2647 1042 2686 cum

242 2730 269 2763 ιι
289 2704 348 2765 sint
364 2706 469 2765 Iudaei
484 2731 489 2766 :
512 2717 541 2767 et
555 2706 734 2767 adnuntiant
744 2727 868 2778 morem,
879 2726 971 2782 quern
982 2728 1043 2768 non

287 2786 355 2847 licet
371 2786 458 2846 nobis
474 2787 623 2864 suscipere
639 2808 736 2864 neque
748 2790 853 2859 lacere,
864 2807 936 2846 cum
951 2787 1043 2847 simus

105 2962 124 2994 ¹²
143 2963 279 3027 Philippos
291 2964 344 3021 §ll
415 2966 517 3028 dr'ste'ng.
532 2970 723 3026 Maoedoniae,
736 2969 837 3016 ciuitas
848 2969 967 3018 oolonie
977 2968 1041 3025 As:

74 3029 242 3079 Macedoniae
263 3033 363 3083 ciuitas.
386 3032 485 3079 colonia
505 3031 533 3086 tl
553 3033 598 3094 (92
615 3038 637 3080 et
654 3032 716 3092 93);
743 3032 922 3096 Macedoniae,
945 3035 1042 3090 ciuitas,

74 3096 172 3143 colonia
186 3093 212 3148 ll
225 3098 281 3158 (98)
333 3101 523 3147 conterentes:
541 3098 712 3146 consistentes
725 3096 794 3152 sz
862 3096 884 3130 ¹⁹
900 3096 1041 3156 exiuitffl

532 3176 580 3235 326
