2250 3630
224 167 362 227 ACTUS
384 165 705 226 APOSTOLORUM
897 165 945 225 26.
964 187 1043 227 10·2t

82 321 146 380 reni
168 321 278 378 debere
301 320 395 380 multa
416 318 563 379 contraria
584 339 693 395 agerer
710 321 797 399 quod
808 330 838 379 et
851 345 880 379 lo
943 334 1006 375 rom

82 400 143 461 leci
150 398 377 476 Hierosolymis,
396 412 425 459 et
437 403 512 459 mult
501 412 548 459 tos
559 406 730 460 sanctorum
742 420 799 477 ego
808 402 847 463 in
896 386 996 486 iffi}

81 480 250 542 carceribus
271 481 386 553 inclusi,
408 502 427 540 a
445 480 630 557 principibus
650 483 839 545 sacerdotum

81 574 230 640 potestate
240 575 382 639 accepta
399 573 429 622 et
439 582 510 621 cum
520 562 735 634 occrderentur,
745 561 840 623 detuh

81 642 270 704 sententiam
314 644 353 702 Et
378 663 430 720 per
458 664 565 704 omnes
594 663 756 721 synagogas
784 645 878 705 fre-11

81 738 208 802 quenter
234 725 361 802 puniens
388 744 449 814 eos
473 725 683 819 conpellebam
704 723 840 802 blasphe-

81 826 181 866 mare:
202 817 232 866 et
250 805 379 896 amplius
395 804 546 864 insaniens
562 805 592 864 in
606 827 667 878 eos,
684 826 840 884 perseque-

81 889 135 947 bar
148 906 244 962 usque
256 885 286 945 in
298 898 411 946 exteras
424 884 568 945 ciuitates.
599 889 635 946 In
648 887 839 964 quibusdum
850 913 879 948 η

80 969 155 1029 irem
177 969 360 1026 Damascum
382 987 452 1026 cum
475 980 624 1044 potestate
642 982 672 1028 et
693 971 839 1044 permissu

79 1048 250 1126 principum
262 1050 460 1120 sacerdotum,
475 1046 541 1108 'die
551 1047 652 1107 media
662 1048 692 1106 in
707 1048 756 1108 uia
765 1051 836 1122 uidi,
849 1075 879 1123 13

80 1150 139 1202 rex,
161 1131 200 1192 de
214 1130 298 1188 caelo
313 1148 401 1205 supra
422 1130 613 1205 splendorem
632 1128 702 1188 solis
717 1131 839 1188 circum-

79 1212 198 1270 fulsisse
218 1229 266 1269 me
288 1212 398 1281 lumen,
421 1221 452 1268 et
468 1229 521 1270 eos
540 1212 592 1287 qui
612 1230 730 1269 mecum
750 1212 839 1269 simul

79 1303 173 1351 erant.
216 1291 392 1368 Omnesque
407 1311 463 1351 nos
484 1311 554 1352 cum
570 1292 785 1351 decidissemus
807 1290 838 1349 in
850 1316 881 1365 14

79 1386 197 1445 terram,
223 1370 327 1432 audiui
352 1392 459 1432 uocem
484 1375 656 1448 loquentem
682 1369 756 1430 mihi
778 1373 841 1432 He·

79 1452 182 1514 braica
203 1454 321 1530 lingua:
345 1456 441 1525 Saule,
462 1455 560 1526 Saule,
581 1452 654 1530 quid
676 1474 725 1512 me
745 1473 842 1530 perse-

79 1533 203 1611 queris?
226 1536 334 1594 durum
352 1547 397 1594 est
407 1533 462 1593 tibi
472 1547 576 1595 contra
587 1534 740 1594 stimulum
755 1532 840 1593 calci-

80 1633 166 1675 trare.
213 1618 279 1692 Ego
297 1627 399 1674 autem
423 1614 502 1675 dixi:
525 1615 602 1690 Quis
622 1636 662 1686 es,
685 1614 880 1687 Dourinelr5

81 1696 233 1757 Dominus
248 1708 349 1755 autem
365 1695 457 1755 dixit
427 1698 546 1773 tEgo
560 1716 626 1756 sum
642 1698 736 1769 Iesus,
749 1716 839 1772 quem

80 1791 115 1837 tu
124 1797 319 1854 persequens
341 1779 403 1837 Sed
415 1797 546 1869 exsurge,
557 1790 586 1836 et
596 1790 641 1836 sta
650 1797 739 1853 super
747 1779 840 1853 pedes
852 1787 881 1836 16
898 1793 961 1836 am
971 1791 990 1834 a.
1002 1807 1019 1834 1.

80 1872 169 1918 tuos:
191 1861 299 1919 adhoc
310 1857 391 1918 enim
406 1878 530 1936 apparui
521 1857 604 1930 tibi,
616 1870 649 1917 ut
660 1857 840 1917 constituam

81 1952 113 2000 te
128 1938 296 1999 ministrum
312 1953 341 1999 et
357 1951 464 2000 testem
481 1959 585 1999 eorum
601 1958 678 2014 quae
689 1937 799 2009 uidisti,
812 1950 842 1997 et

81 2039 187 2080 eorum
197 2021 306 2097 quibus
319 2021 471 2099 apparebo
483 2018 546 2093 tibi,
558 2019 686 2097 eripiens
700 2032 730 2079 te
740 2021 780 2079 de
791 2039 841 2096 po
853 2040 881 2093 ¹7

80 2103 165 2179 pulc,
181 2113 212 2162 et
224 2102 399 2179 gentibus,
391 2123 422 2161 ιη
441 2122 516 2178 quas
537 2120 619 2160 nunc
630 2120 686 2176 ego
701 2099 787 2160 mitto
801 2111 839 2174 te,

83 2182 452 2259 'aperireoculoseorum
466 2195 500 2243 ut
511 2195 750 2243 conuertantura
762 2194 841 2241 tene·
854 2194 880 2241 18
897 2194 977 2295 35735Ι
989 2208 1009 2244 5

81 2263 145 2324 bris
166 2266 206 2325 ad
230 2266 338 2339 lucem,
364 2278 394 2325 et
418 2267 457 2325 de
480 2276 629 2358 potestate
652 2265 779 2322 Satanae
801 2247 910 2323 ad⁴
899 2245 936 2336 11⁰0·
939 2260 965 2337 74·
976 2296 1004 2334 ,g

82 2347 196 2420 Deum,
211 2358 245 2406 ut
254 2359 403 2423 accrprant
417 2346 623 2407 remissionem
640 2357 839 2421 peccatorum,
898 2345 1029 2445 {3¹¹111118·

81 2439 113 2487 et
128 2439 239 2486 sortem
255 2427 331 2487 inter
345 2441 464 2487 sanctos
484 2447 537 2504 per
551 2429 643 2486 fidem
660 2445 737 2502 quae
751 2439 796 2484 est
811 2424 841 2483 in

82 2527 144 2567 me.
189 2510 289 2580 Unde,
310 2528 360 2568 rex
379 2507 518 2585 Agrippa,
535 2528 597 2567 non
613 2507 655 2567 tui
671 2506 842 2565 incredulus
854 2529 883 2579 19
900 2520 949 2563 cat.
959 2520 977 2561 r.
989 2522 1022 2561 m.

82 2588 220 2648 caelestis
235 2587 378 2649 uisionis:
400 2592 454 2649 sed
473 2588 520 2648 his
539 2590 591 2664 qui
611 2604 680 2649 suut
700 2586 841 2646 Damasci
852 2611 883 2644 20
900 2596 1000 2689 Μ

82 2668 215 2747 primum
229 2682 260 2729 et
275 2669 503 2745 Hierosolymis
519 2683 549 2729 et
565 2669 597 2728 in
611 2689 734 2728 ornnem
749 2666 841 2744 regio·
931 2678 936 2688 '
959 2678 964 2688 '
996 2681 998 2686 ’

83 2770 156 2810 nem
182 2752 325 2825 Iudaeae,
345 2763 375 2810 et
396 2750 544 2827 gentibus,
568 2749 784 2810 adnuntiabam
806 2762 839 2808 ut

82 2831 299 2908 paenitentiam
323 2844 452 2910 agerent,
476 2848 506 2893 et
530 2842 776 2892 conuerterentur
800 2832 839 2890 ad

82 2912 752 2991 Deum,dignapaenitentiaeoperafacientes.
770 2914 877 2970 Haear
897 2926 930 2968 ar.
941 2941 971 2978 30,
981 2941 1017 2976 31..

80 3015 120 3054 ex
139 3013 297 3055 causante
319 2993 432 3068 Iudaei,
456 3015 526 3055 cum
543 3013 641 3055 essem
662 2992 694 3053 in
715 2994 835 3069 templo,

135 3143 154 3174 ¹¹
173 3142 290 3203 campell.
302 3141 354 3198 ze}
427 3141 449 3176 ¹¹
466 3139 604 3206 populis&
671 3140 693 3173 ¹⁹
711 3139 815 3189 caelest
828 3137 923 3187 sisinni
934 3135 992 3193 §GL

545 3231 592 3282 355

898 1843 956 1885 Dan.
966 1844 997 1886 10.
1008 1859 1040 1886 rr.
1118 1849 1122 1857 '
