2250 3630
90 241 115 301 1.
135 262 214 300 12-21
472 233 601 292 PETRI
624 232 832 293 EPISTULA
854 233 889 290 II

297 391 485 450 abundanter
507 384 720 449 ministrabitur
745 385 832 448 uobis
857 386 1001 448 introitus
1028 388 1061 448 in

297 484 451 532 aeternum
467 491 591 548 regnum
607 469 732 529 Domini
746 468 839 530 nostri
849 482 879 529 et
891 470 1061 529 Saluatoris

300 555 369 613 Iesu
383 551 506 614 Christi.
567 596 568 600 ,

157 651 240 700 meas.
260 660 288 694 η
339 637 466 710 Propter
488 633 571 710 quod
594 630 735 710 incipiam
756 651 813 691 uos
834 651 956 710 semper
978 653 1060 692 com-

98 705 159 744 R0m·
170 701 200 742 ¹⁵·
212 715 241 750 ¹⁴·
300 734 424 775 monere
438 715 477 774 de
492 713 555 773 his:
577 724 607 774 et
618 713 740 791 quidem
756 714 886 773 scientes
901 725 932 772 et
952 716 1060 774 confir-

116 818 184 858 ,σοι
194 815 213 855 5.
225 829 242 854 ι.
260 821 289 869 13
301 807 398 855 matos
417 793 448 853 in
469 793 616 872 praesenti
638 794 770 854 ueritate.
815 796 933 853 Iustum
957 807 1058 855 autem

119 868 186 907 Μ
196 866 215 905 ³·
226 879 244 906 ¹·
300 877 434 948 arbitror,
461 874 604 952 quamdiu
627 895 694 934 sum
718 874 749 934 in
771 877 829 934 hoc
851 876 1058 946 tabernaculo,

114 974 160 1016 ron.
170 973 202 1014 ar.
213 975 243 1022 18,
263 983 292 1031 14
304 956 445 1016 suscitare
459 975 514 1016 uos
528 955 560 1015 in
580 955 833 1016 commonitione:
853 967 954 1016 certus
976 959 1058 1034 quod

214 1039 244 1076 ¹⁹·
301 1040 389 1105 uelox
403 1048 447 1097 est
458 1036 608 1115 depositio
618 1036 799 1096 tabernaculi
809 1035 877 1108 mei,
889 1040 1057 1097 secundum

302 1121 384 1196 quod
399 1129 428 1177 et
443 1117 595 1177 Dominus
608 1128 710 1176 noster
725 1119 810 1176 lesus
822 1116 963 1178 Christus
974 1117 1058 1195 signi-

262 1225 290 1273 15
303 1200 403 1258 ficauit
418 1198 499 1257 mihi.
531 1199 621 1258 Dabo
635 1209 735 1258 autem
748 1217 869 1274 operam
881 1210 912 1257 et
923 1201 1059 1277 frequen-

301 1291 345 1340 ter
358 1279 468 1339 habere
483 1299 538 1339 uos
557 1291 625 1356 post
644 1277 761 1339 obitum
777 1298 887 1350 meum,
904 1291 937 1339 ut
953 1281 1056 1340 horum

261 1373 291 1422 16
302 1359 479 1421 memoriam
493 1359 615 1419 faciatis.
649 1362 721 1420 Non
733 1359 813 1419 enim
825 1361 933 1419 doctas
944 1362 1056 1420 fabulas

303 1441 395 1502 secuti
407 1453 510 1501 notam
520 1440 643 1501 fecimus
652 1440 739 1501 uobis
749 1439 874 1500 Domini
884 1441 981 1501 nostri
992 1444 1057 1502 Iesu

305 1522 415 1584 Christi
427 1522 567 1581 uirtutem
583 1533 613 1581 et
628 1521 844 1598 praesentiam:
859 1524 915 1581 sed
927 1525 1058 1600 specula·

134 1609 383 1678 lit-¹7·s·17tores
412 1602 481 1662 facti
511 1602 588 1661 illius
617 1601 838 1680 magnitudinis.
897 1603 1057 1681 Accipiens

138 1662 246 1763 iiiii}
305 1685 385 1744 enim
400 1705 418 1743 a
433 1687 501 1744 Deo
522 1686 608 1742 Patre
625 1685 770 1743 honorem
786 1695 816 1743 et
830 1685 967 1760 gloriam,
984 1703 1057 1744 uoce

304 1767 426 1843 delapsa
442 1766 482 1825 ad
497 1785 565 1824 eum
579 1763 791 1825 huiuscemodi
802 1784 820 1823 a
832 1765 994 1842 magnifica
1002 1768 1054 1843 glo

210 1850 212 1854 ’
288 1857 291 1862 ’
305 1847 364 1906 ria:
388 1846 449 1905 Hic
465 1859 510 1906 est
525 1845 617 1921 Filius
626 1866 711 1905 meus
723 1847 858 1919 dilectus
871 1845 902 1904 in
913 1867 978 1924 quo
988 1844 1056 1906 mihi

266 1941 294 1988 18
307 1927 483 2005 complacui.
536 1930 575 1986 Et
593 1929 671 1987 hanc
687 1947 794 1986 uocem
812 1947 867 1986 nos
888 1927 1056 1988 audiuimus

310 2011 347 2070 de
367 2012 450 2069 caelo
471 2011 599 2080 allatam,
615 2028 840 2067 cum-essemus
855 2028 926 2067 cum
949 2009 1015 2086 ipso
1028 2007 1056 2065 in

103 2104 165 2144 Rom.
177 2101 207 2143 16.
218 2105 248 2143 26.
268 2115 296 2166 ¹9
309 2102 411 2150 monte
426 2102 539 2149 sancto.
582 2091 621 2147 Et
642 2090 788 2148 habemus
811 2087 975 2150 firmiorem
997 2109 1057 2168 pro

308 2171 459 2248 pheticum
475 2189 664 2230 sermonem:
687 2169 734 2229 cui
752 2171 830 2230 bene
848 2170 947 2230 facitis
969 2183 1057 2230 atten-

307 2254 412 2311 dentes
422 2251 765 2328 quasilucemaelucenti
775 2250 1055 2329 incaliginosoloc0‚

98 2356 134 2396 Le.
145 2355 164 2394 1.
175 2355 204 2404 γε,
218 2369 248 2404 n·
307 2334 405 2392 donec
420 2332 483 2390 dies
498 2334 637 2405 lucescat,
649 2332 678 2391 et
692 2331 795 2392 lucifer
805 2331 916 2392 oriatur
927 2332 959 2392 in
969 2331 1058 2393 cordi-

137 2406 190 2445 M³¹·
201 2407 219 2444 ⁴·
230 2420 248 2445 ²·
267 2440 297 2473 20
308 2414 364 2473 bus
380 2411 503 2472 uestris:
525 2415 584 2473 hoc
598 2413 728 2491 primum
745 2413 963 2490 intellegentes,
979 2413 1057 2492 quod

308 2496 406 2554 omnis
421 2494 577 2570 prophetia
592 2493 752 2571 scripturae
761 2493 881 2572 propria
891 2493 1060 2573 interpreta-

105 2588 180 2630 2Tim.
190 2589 208 2630 a.
220 2592 249 2630 ιε.
268 2575 391 2634 ultione
409 2595 470 2632 non
486 2577 526 2634 fit.
571 2577 642 2634 Non
657 2574 738 2634 enim
758 2576 915 2635 uoluntate
929 2577 1059 2635 humana

309 2659 395 2715 allata
421 2666 464 2714 est
487 2655 649 2732 aliquando
674 2657 847 2733 prophetia:
874 2658 929 2716 sed
954 2656 1059 2734 Spiritu

310 2749 413 2796 sancto
418 2735 558 2812 inspirati,
565 2736 654 2796 locuti
665 2748 735 2795 sunt
744 2737 838 2796 sancti
849 2737 1059 2797 Deihomines.

132 2894 150 2925 ¹¹
164 2893 267 2957 dis-trag.
283 2894 373 2953 nostri,
388 2902 413 2943 et
426 2893 568 2942 Saluatoris
581 2894 633 2950 Μ
692 2893 713 2926 ¹¹
725 2898 906 2944 confirmatos
918 2896 974 2945 sim
984 2894 1056 2944 adrir't.

99 2958 225 3006 ACDG*:
253 2959 462 3015 ÷u0sFG⁶vsb
536 2958 848 3015 ¹⁶horum÷omniumz
910 2961 932 2994 ¹⁶
945 2962 1059 3009 indoctas

99 3023 146 3079 VS
193 3031 221 3072 et
238 3029 424 3080 praesentiam
440 3041 496 3072 cum
514 3022 620 3087 Fcza,
634 3030 697 3073 etet
713 3024 912 3087 praescientiam
925 3027 991 3075 DV:
1013 3039 1058 3074 om.

99 3088 145 3137 AC
230 3088 251 3120 ¹¹
268 3089 541 3152 complacui÷ipsum
559 3091 646 3138 audite
662 3089 739 3146 VM
824 3089 846 3122 ¹⁹
863 3094 925 3141 dies
941 3096 1062 3141 lucescat

99 3170 156 3202 cum
168 3154 192 3201 Λ
208 3156 248 3219 (>
260 3153 308 3203 luc.
323 3155 380 3202 dies
390 3154 440 3218 Α*)
455 3153 478 3201 Ι)
491 3154 625 3222 (lucescet)
638 3154 659 3203 F
668 3171 676 3206 a
693 3156 748 3205 dies
760 3156 838 3206 inluc.
853 3155 910 3218 GV,
926 3157 982 3206 dies
998 3156 1060 3206 elue.

99 3219 175 3278 cau

560 3297 606 3363 560
