2250 3630
285 197 288 202 ·
330 176 389 232 nu
411 148 603 235 enims

83 331 161 409 quia,
178 331 203 390 si
220 330 282 390 fieri
300 341 410 408 posset,
427 335 532 391 oculos
552 343 667 391 uestros
681 332 839 405 eruissetis,
871 399 873 403 y

82 425 113 473 et
127 411 285 472 dedissetis
303 411 385 471 mihi.
432 415 512 489 Ergo
530 411 669 473 inimicus
690 412 777 473 uobis
800 417 840 472 fa·
852 425 880 475 16

83 506 148 552 ctus
163 513 238 565 sum,
254 512 358 552 uerum
373 493 478 553 dicens
497 492 608 553 uobis?
643 496 840 553 Aemulantur
851 491 880 568 ¹7

83 595 138 633 uos
156 594 218 633 non
236 574 334 633 bene:
355 576 409 634 sed
427 575 584 634 excludere
602 594 659 634 uos
677 577 791 648 uolunt,
808 587 841 635 ut

82 656 149 714 illos
160 653 359 714 aemulemini.
405 657 524 714 Bonum
533 666 633 714 autem
646 655 839 716 aemulamini
851 670 880 716 18

84 739 113 793 in
126 737 207 794 bono
218 755 353 811 semper:
375 747 405 795 et
415 754 477 794 non
489 747 604 795 tantum
616 755 685 795 cum
698 756 837 812 praesens

83 836 150 875 sum
163 817 245 893 apud
260 835 323 875 uos.
369 815 465 875 Filioli
482 816 549 889 mei,
565 836 642 893 quos
653 816 760 877 iterum
775 837 836 893 par·
849 843 878 893 ¹9
895 847 993 890 ,4044

83 899 161 955 turio
175 899 272 956 donec
283 899 427 956 formetur
436 896 596 958 Christus
588 917 619 956 rn
634 898 730 957 uobis.
767 901 838 960 Uel·
849 921 879 959 κο
897 897 986 940 P¹¹¹¹¹¹¹=
997 864 1034 941 1⁰⁵s

83 980 141 1036 lem
155 989 254 1036 autem
270 998 335 1038 esse
350 979 431 1071 apud
443 997 497 1037 uos
509 980 611 1050 mode,
623 989 653 1038 et
663 990 777 1039 mutare
788 999 838 1040 uo-

81 1078 147 1117 cem
163 1079 270 1130 meam,
286 1059 430 1135 quoniam
442 1059 632 1118 confundor
625 1079 656 1117 rn
670 1059 766 1119 uobis.

124 1139 223 1199 Dicite
238 1139 319 1213 mihi,
333 1159 385 1216 qur
377 1139 454 1199 sub
464 1141 530 1218 lege
542 1139 632 1200 uultis
641 1159 725 1200 esse.
740 1144 844 1227 legem
848 1167 875 1200 21

79 1241 144 1279 non
164 1219 298 1297 legistis?
341 1219 490 1298 Scriptum
513 1233 559 1280 est
579 1222 670 1296 enim,
692 1221 835 1298 quoniam
847 1248 875 1280 υ
895 1244 948 1286 02„
959 1243 989 1286 rr
1001 1258 1029 1294 15

80 1303 234 1360 Abraham
250 1303 326 1361 duos
337 1302 413 1361 filios
428 1302 550 1362 habuit:
565 1321 658 1361 unum
670 1303 709 1363 de
718 1302 834 1376 ancilla
894 1295 926 1336 ²¹·
937 1309 956 1336 ²·

79 1395 220 1442 etunurn
234 1384 273 1442 de
288 1383 388 1451 libera.
419 1384 479 1443 Sed
490 1402 541 1460 qur
533 1382 591 1443 de
601 1385 718 1456 ancilla,
731 1403 834 1444 secun·
847 1408 876 1456 ²3
895 1399 949 1441 Gen
959 1399 988 1440 rr
998 1403 1028 1449 1⁶,

79 1466 155 1523 dum
169 1483 289 1524 carnem
304 1458 392 1524 natus
407 1476 470 1525 est:
491 1462 543 1541 qui
556 1475 658 1524 autem
677 1467 717 1525 de
734 1465 835 1538 libera,
893 1450 1021 1552 ἷξοξξᾰζ,
1009 1517 1039 1552 ,9

79 1564 134 1622 per
151 1545 419 1622 repromissionem
465 1547 552 1620 Quae
569 1558 639 1604 sunt
658 1565 710 1622 per
728 1547 836 1623 allego·
847 1571 877 1618 ²4
896 1551 951 1592 Heb
963 1551 992 1592 1¹
1005 1565 1033 1593 11

79 1626 154 1684 riam
166 1625 255 1685 dicta
294 1629 381 1686 Haec
392 1625 472 1687 enim
485 1637 554 1685 sunt
565 1627 627 1686 duo
640 1637 837 1686 testamenta:

79 1727 173 1765 unum
186 1707 308 1784 quidem
318 1727 337 1766 a
346 1719 449 1766 monte
462 1706 568 1778 Sinal'
560 1727 591 1765 m
601 1706 774 1766 seruitutem
789 1726 837 1784 ge-

79 1807 206 1848 nerans:
227 1808 304 1865 quae
322 1801 367 1848 est
385 1792 475 1865 Agar.
505 1790 576 1848 Sina
590 1787 670 1847 enim
686 1807 773 1847 mons
790 1799 835 1847 est
846 1813 856 1846 2
862 1812 875 1861 5

79 1872 112 1927 in
127 1868 246 1942 Arabia,
259 1871 310 1946 qui
322 1869 500 1929 coniunctus
512 1880 557 1928 est
568 1870 595 1928 ei
610 1888 688 1945 quae
698 1888 778 1927 nunc
790 1881 835 1928 est

80 1952 281 2021 Hierusalem,
295 1962 325 2010 et
339 1949 429 2009 seruit
444 1970 513 2008 cum
529 1948 596 2009 filiis
611 1948 683 2008 eius.
717 1951 773 2008 Illa
783 1969 834 2007 au·
846 1960 876 2009 26
894 1969 951 2012 neu.
962 1969 1032 2013 1222.

80 2044 142 2089 tem
163 2051 240 2107 quae
262 2051 376 2089 sursum
392 2041 438 2091 est
456 2029 646 2090 Hierusalem
667 2029 760 2088 libera
781 2040 834 2100 est,

79 2131 159 2188 quae
173 2124 217 2171 est
233 2123 326 2172 mater
341 2121 449 2170 nostra.
493 2111 640 2187 Scriptum
655 2123 701 2170 est
715 2109 814 2170 enirn:
845 2131 875 2184 ²7
894 2129 972 2172 Es.54.
985 2145 1002 2172 1.

123 2194 246 2252 Laetare
261 2191 375 2267 sterilis,
392 2211 470 2269 quae
484 2210 546 2250 non
561 2193 655 2268 paris:

122 2293 244 2350 erumpe
259 2284 288 2332 et
302 2275 399 2332 clama
413 2292 491 2350 quae
504 2292 568 2331 nou
582 2273 725 2349 parturist

163 2353 233 2430 quia
243 2356 327 2412 multi
341 2354 392 2412 filii
405 2355 548 2425 desertae,
560 2352 652 2430 magis
663 2374 754 2430 quam
771 2356 834 2414 eius

203 2454 281 2512 quae
294 2436 386 2494 habet
400 2434 507 2495 uirum.

81 2518 146 2575 Nos
155 2517 381 2590 autem,sratres‚
394 2517 560 2575 secundum
572 2517 656 2574 Isaac
667 2515 835 2593 promissio·
847 2528 875 2574 28
894 2531 956 2571 Rom.
966 2530 1012 2572 aa

80 2596 126 2655 nis
143 2595 194 2654 filii
208 2616 318 2655 sumus.
350 2597 409 2656 Sed
421 2599 575 2672 quomodo
587 2607 658 2655 tunc
670 2596 721 2672 qui
734 2617 836 2656 secun·
847 2607 878 2670 29'
893 2613 946 2656 een.
956 2613 986 2655 ar.
996 2628 1017 2665 9.

80 2681 154 2737 dum
167 2696 288 2737 carnem
303 2688 390 2735 natus
406 2679 499 2736 fuerat
501 2677 755 2768 ,persequebatur
766 2698 835 2737 eum

79 2758 132 2834 qui
155 2760 321 2817 secundum
345 2757 498 2834 spiritum·
528 2757 569 2818 ita
589 2770 619 2818 et
639 2778 730 2818 nunc.
774 2759 834 2818 Sed
844 2783 875 2830 30
894 2778 947 2819 Gen.
957 2777 990 2817 ‘21
1001 2792 1031 2818 ιο.

79 2838 155 2914 quid
171 2838 244 2898 dicit
258 2838 424 2914 scriptura?
456 2838 528 2898 Eice
541 2838 681 2898 ancillam
696 2850 726 2898 et
741 2839 834 2897 filium
895 2829 940 2869 ¹⁰¹¹
951 2828 970 2868 ⁸
980 2842 1012 2878 ³⁵·

80 2920 164 2979 eius:
186 2918 342 2979 nonenim
358 2921 443 2980 heres
459 2919 513 2980 erit
528 2919 605 2979 lilius
624 2918 750 2980 ancillae
765 2939 834 2979 curn

114 3083 135 3114 ⁹⁴
152 3099 187 3131 a:
205 3083 230 3129 n
245 3080 296 3136 sn
378 3080 400 3115 ¹¹
415 3044 475 3131 arus
487 3081 575 3131 neu:
593 3082 647 3130 suis
659 3079 809 3135 curuata
886 3079 907 3110 00
924 3080 1047 3132 lunens

81 3148 134 3204 ΞΘ
200 3147 416 3203 θῦοηιοηὶηιῧ

545 3238 593 3294 455
