2250 3630
80 104 127 202 aa
148 157 228 204 1s-2s
420 144 558 204 Acrus
580 143 901 208 APOSTOLORUM

288 301 348 360 duc
366 300 406 359 ad
428 298 602 359 tribunum:
624 298 715 357 habet
735 296 816 358 enim
828 296 951 375 'aliquid
972 299 1048 358 indi·

248 391 277 440 18
290 401 356 441 care
368 379 420 440 illi.
464 383 503 439 Et
518 381 567 440 ille
582 379 706 456 quidem
724 381 889 439 adsumens
906 399 978 439 eum
993 383 1047 441 du-

288 464 329 521 xit
342 463 382 522 ad
403 461 564 532 tribunum,
583 472 614 521 et
633 460 693 520 ait:
715 459 845 520 Uinctus
863 463 974 521 Paulus
994 482 1047 521 uo

287 563 359 602 cans
370 543 484 621 rogauit
496 562 545 602 me
556 544 637 602 hunc
647 542 871 601 adulescentem
882 545 1049 619 perducere

248 626 328 700 19ad
345 635 384 696 te,
405 624 567 684 habentem
589 623 703 700 aliquid
721 620 803 699 loqui
825 622 887 682 tibi.
932 622 1048 701 Adpre-

287 707 424 765 hendens
438 717 539 764 autern
555 705 691 764 tribunus
706 723 829 763 manum
849 703 935 774 iuius,
951 724 1048 764 seces-

288 785 325 845 sit
349 806 418 846 cum
444 805 481 846 eo
506 805 649 856 seorsum,
674 797 705 845 et
728 784 919 861 interrogauit
941 785 1047 845 illum:

247 892 279 925 20
290 868 374 941 Quid
389 877 434 926 est
449 867 532 943 quod
544 865 638 926 habes
650 865 783 924 indicare
797 865 892 925 mihi?
908 869 912 896 ¹
930 868 985 926 Ille
996 888 1048 926 au-

289 958 349 1007 tem
364 946 458 1007 dixit:
482 946 603 1008 Iudaeis
615 944 759 1007 conuenit
770 964 873 1022 rogare
883 958 921 1017 te,
937 958 971 1007 ut
986 968 1047 1007 cra-

278 1027 365 1087 stina
377 1026 426 1087 die
437 1030 563 1086 Paulum
576 1028 725 1104 producas
736 1025 767 1084 in
777 1027 949 1097 concilium,
960 1033 1048 1107 quasi

247 1131 275 1166 21
288 1110 402 1185 aliquid
417 1110 526 1168 certius
537 1106 705 1185 inquisituri
717 1109 776 1167 sint
787 1108 827 1166 de
838 1106 907 1168 illo:
925 1117 962 1167 'tu
973 1129 1047 1169 uero

289 1211 327 1249 ne
342 1188 504 1250 credideris
519 1188 592 1248 illis:
615 1187 794 1248 insidiantur
813 1187 894 1248 enim
910 1192 937 1249 ei
952 1209 989 1248 ex
1003 1191 1047 1250 eis

288 1271 343 1330 uiri
364 1270 493 1347 amplius
512 1269 717 1348 quadraginta,
734 1269 786 1347 qui
805 1289 838 1328 se
857 1271 1048 1330 deuouerunt

287 1373 349 1411 non
367 1352 549 1411 manducare
570 1370 670 1427 neque
691 1349 795 1410 bibere
818 1352 917 1410 donec
937 1350 1048 1412 interfi-

169 1506 171 1511 ᾗ
287 1432 367 1491 ciant
381 1453 470 1492 eum:
491 1444 522 1492 et
541 1451 622 1491 nunc
643 1430 737 1509 parati
756 1442 834 1503 sunt,
853 1444 1047 1509 expectantes

247 1538 276 1571 22
287 1512 465 1589 promissum
477 1524 571 1572 tuum.
594 1513 747 1572 Tribunus
757 1511 844 1589 igitur
854 1511 968 1573 dimisit
976 1516 1049 1573 adu-

288 1595 460 1666 lescentem,
472 1593 656 1671 praecipiens
672 1613 710 1653 ne
725 1592 774 1652 cui
789 1595 960 1669 loqueretur
975 1615 1049 1672 quo-

246 1699 276 1745 23
288 1673 368 1732 niam
384 1676 458 1734 haec
469 1687 541 1734 nota
552 1674 609 1734 sibi
624 1674 750 1735 fecisset.
794 1676 833 1733 Et
845 1673 960 1735 uocatis
971 1676 1049 1736 duo·

289 1755 343 1814 bus
365 1755 599 1828 centurionibus,
616 1757 690 1815 dixit
712 1755 787 1815 illis:
809 1757 915 1816 Parate
937 1755 1048 1817 milites

287 1837 434 1896 ducentos
449 1848 481 1896 ut
495 1849 565 1896 eant
577 1856 672 1913 usque
684 1838 871 1910 Caesaream,
884 1849 914 1897 et
928 1837 1047 1915 equites

287 1916 481 1994 septuaginta,
504 1927 534 1976 et
556 1916 720 1977 lancearios
742 1920 898 1990 ducentos,
920 1938 939 1977 a
961 1920 1049 1978 tertia

245 2023 276 2069 24
287 1999 360 2057 hora
379 1999 495 2058 noctis:
516 2010 546 2058 et
565 1998 699 2058 iumenta
718 2010 898 2076 praeparate.
914 2011 948 2059 ut
964 1999 1048 2076 inpo

287 2092 394 2140 nentes
408 2081 546 2144 ,Paulum
565 2081 683 2138 saluum
708 2082 906 2156 perducerent
927 2083 968 2140 ad
996 2084 1048 2141 Fe-

288 2158 376 2220 licem
397 2161 571 2238 praesidem.
616 2161 755 2221 Scribens
775 2160 933 2238 epistulam
953 2163 1048 2222 conti-

289 2253 411 2301 nentem
426 2243 517 2302 haec:
1032 2239 1033 2242 ’

246 2143 275 2189 ²5

248 2209 277 2257 26

327 2320 472 2382 Claudius
489 2324 591 2400 Lysias
606 2321 723 2399 optimo
742 2322 870 2400 praesidi
890 2322 983 2384 Felici
1004 2344 1046 2382 sa-

117 2420 227 2496 urim
249 2404 391 2474 aflutem.
436 2403 545 2464 Uirum
573 2406 656 2462 hunc
684 2406 926 2480 conprehensum
953 2420 973 2463 a
1000 2407 1046 2464 Iu-

153 2473 184 2514 '··'·
196 2487 227 2522 ²⁵·
287 2484 377 2557 daeis,
394 2495 424 2544 et
439 2483 631 2561 incipientem
649 2484 775 2545 interfici
789 2486 828 2545 ab
842 2487 893 2557 eis,
907 2505 1045 2563 superue-
1074 2539 1077 2546 .

287 2563 371 2624 niens
392 2586 461 2624 cum
484 2565 613 2626 exercitu
635 2566 737 2643 eripui,
754 2568 876 2643 cognito
895 2570 967 2642 quia
984 2571 1045 2627 Ro·

154 2659 184 2699 aa.
196 2675 225 2710 30.
246 2658 275 2704 28
288 2666 394 2705 manus
425 2657 488 2707 est:
517 2649 685 2723 nolensque
710 2647 785 2707 scire
808 2667 930 2707 causam
954 2669 1044 2726 quam

284 2726 457 2787 obiciebant
476 2727 529 2800 illi,
543 2726 654 2787 deduxi
676 2748 744 2786 eum
764 2728 794 2786 in
815 2727 977 2787 concilium
999 2750 1045 2787 eo

109 2853 130 2884 ¹⁸
146 2871 196 2903 οιιι.
210 2855 382 2912 ιιοοιιιιιιὸῥῐ
438 2856 460 2888 ²⁰
480 2857 643 2918 >producas
656 2856 761 2904 Paulum
774 2856 827 2913 ΞΘ
883 2857 1044 2916 21emplius

85 2919 241 2979 sequanum
288 2921 308 2952 ²²
320 2926 497 2979 praecipiens
507 2920 586 2977 ÷eiz
637 2921 658 2953 ²⁴
669 2926 837 2979 praesidem:
847 2923 968 2972 ÷Timuit
976 2925 1043 2972 enim
1061 2941 1065 2946 -

76 2999 109 3031 ne
122 2985 187 3032 sorte
199 2994 320 3048 raperent
338 3002 394 3034 eum
411 2988 508 3048 ludaei,
522 2995 549 3035 et
565 2987 722 3046 occiderent,
735 2995 762 3036 et
776 2985 832 3049 ipse
848 2996 939 3050 postea
951 2990 1059 3043 calum-y

77 3050 144 3096 niam
160 3053 308 3110 sustineret,
321 3059 448 3114 tamquam
466 3061 617 3114 accepturus
630 3053 744 3116 (÷esset
759 3053 795 3115 D)
813 3055 949 3116 pecuniam
967 3053 1043 3110 ΒΜ

74 3114 95 3146 ²⁶
104 3114 167 3163 ⁸⁶²⁰:
186 3117 231 3163 inc.
247 3134 271 3165 u.
284 3131 316 3177 25
327 3117 431 3178 Timuit,
443 3123 467 3164 et
477 3121 509 3165 26
522 3118 638 3167 scribens
650 3117 677 3173 li
742 3117 764 3150 ²⁶
779 3122 933 3175 {scribom
942 3120 1004 3178 elz

537 3197 584 3258 348
