2250 3630
73 149 121 208 19.
139 170 223 220 ²4·34
406 143 646 205 SECUNDUM
669 142 907 204 IOHANNEM

282 311 388 376 partes,
411 298 571 376 unicuique
590 297 676 358 militi
694 310 826 375 partem:
848 311 877 359 et
895 299 1036 358 tunicam.

284 383 355 439 Erat
369 392 470 440 autem
484 379 585 440 tunica
599 378 793 452 inconsutilis
809 382 850 440 de
868 400 956 457 super
966 401 1036 440 con-

116 476 151 516 Ps·
160 474 191 515 2¹·
203 489 226 525 ιο
245 488 275 536 ²4
285 472 366 521 texta
379 481 432 538 per
445 471 550 520 totum.
593 459 741 522 Dixerunt
752 481 823 537 ergo
833 463 873 520 ad
886 460 1016 520 inuicem
1031 486 1038 522 ε

133 525 224 572 mm·
283 544 355 602 Non
378 542 549 602 scindamus
562 539 648 613 'eam,
673 543 727 601 sed
751 541 906 601 sortiamur
927 544 966 602 de
989 541 1039 601 illa

282 622 368 683 cuius
382 623 427 683 sit.
471 624 514 684 Ut
528 621 672 699 scriptura
686 624 850 700 impleatur,
866 625 989 684 dicens:

364 701 468 764 Partiti
481 715 549 763 sunt
563 705 743 763 uestimenta
757 723 824 762 mea
837 702 893 762 sibi
908 727 914 764 :

362 797 393 846 et
407 785 439 844 in
452 797 565 846 uestem
580 805 678 844 meam
693 783 835 844 miserunt
850 796 968 845 sortem.

84 887 224 938 lrt.at.55,5s,
242 891 270 940 25
283 870 323 928 Et
347 867 456 927 milites
478 866 600 944 quidem
621 868 697 925 haec
718 868 861 926 fecerunt.
885 865 889 900 ¹
912 863 1091 956 Stabant}²

84 938 224 1038 Mfiffpffl
281 959 383 1008 autem
397 947 477 1008 iuxta
490 967 608 1007 crucem
626 950 696 1007 Iesu
713 957 806 1007 mater
824 947 895 1021 eius,
910 960 940 1008 et
955 968 1039 1008 soror

283 1029 385 1089 matris
399 1028 470 1100 eius,
488 1028 584 1088 Maria
598 1029 739 1105 Cleopae,
754 1039 785 1089 et
800 1028 897 1088 Maria
912 1031 1039 1106 Magda-

152 1112 356 1184 1³.23.261ene.
400 1111 479 1171 Cum
502 1108 624 1169 uidisset
646 1129 716 1184 ergo
741 1111 826 1168 Iesus
850 1122 982 1182 matrem,
1009 1124 1039 1170 et

282 1191 462 1269 discipulum
475 1201 612 1262 stantem,
628 1209 719 1266 quem
731 1189 881 1266 diligebat,
893 1189 967 1249 dicit
978 1211 1039 1250 ma·

241 1292 270 1347 ²7
282 1272 319 1333 tri
341 1293 431 1333 suae:
460 1271 577 1343 Mulier,
600 1290 671 1330 ecce
695 1271 773 1329 filius
796 1282 872 1329 tuus.
918 1270 1039 1331 Deinde

282 1353 355 1413 dicit
375 1353 539 1430 discipulo:
562 1355 642 1411 Ecce
659 1364 753 1411 mater
770 1364 829 1411 tua.
874 1353 912 1411 Et
933 1372 970 1411 ex
989 1351 1040 1411 illa

282 1435 355 1494 hora
369 1433 483 1510 accepit
498 1454 564 1493 eam
578 1432 741 1510 discipulus
756 1431 788 1491 in
802 1453 862 1492 sua.

94 1527 271 1583 13.1,is.4.28
324 1519 431 1576 Postea
452 1513 549 1574 sciens
570 1517 655 1574 Iesus
676 1513 747 1590 quia
768 1513 826 1573 iam
846 1513 949 1574 omnia
967 1535 1040 1574 con·
1055 1509 1091 1560 ²-⁰-³

114 1584 224 1682 Ρῖὲξῇξζ
246 1658 248 1662 ,
283 1607 432 1656 summata
450 1608 527 1667 sunt,
552 1607 585 1654 ut
606 1607 863 1655 consummaretur
885 1595 1038 1674 scriptura,
1069 1587 1080 1621 ⁴

99 1700 140 1741 tn,
151 1700 182 1741 27.
193 1701 224 1748 ⁴⁸,
244 1702 274 1752 ²9
284 1675 375 1736 dicit:
403 1675 485 1736 Sitio.
530 1679 594 1737 Uas
618 1696 687 1754 ergo
711 1674 843 1752 positum
868 1688 929 1736 erat
952 1691 1040 1738 aceto

99 1751 224 1851 ῗὲξξζξξ
283 1759 425 1835 plenum:
454 1756 496 1816 illi
517 1769 616 1816 autem
637 1756 793 1834 spongiam
811 1759 930 1832 plenam
952 1772 1040 1819 aceto

283 1841 400 1916 hysopo
418 1837 685 1915 circumponentes,
706 1838 878 1897 obtulerunt
899 1837 944 1896 ori
965 1838 1040 1899 eius.

164 1940 195 1983 rr.
205 1956 224 1991 4.
241 1943 273 1990 30
284 1922 362 1982 Cum
390 1939 461 1996 ergo
488 1917 650 1997 accepisset
675 1921 760 1978 Iesus
787 1930 914 1991 acetum,
945 1917 1020 1978 dixit
1034 1908 1090 2006 :3ss

283 2001 533 2063 Consummatum
554 2011 608 2060 est.
651 2001 690 2058 Et
709 1998 852 2058 inclinato
870 1998 968 2076 capite
986 2012 1041 2059 tra-

282 2081 359 2143 didit
373 2080 516 2158 spiritum.

103 2182 141 2222 nt.
150 2181 182 2222 21.
192 2197 223 2232 η.
241 2186 269 2233 31
323 2161 428 2222 Iudaei
453 2183 531 2240 ergo,
557 2160 698 2240 quoniam
722 2165 884 2221 Parasceue
908 2174 980 2234 erat,
1007 2148 1088 2249 utss}

102 2232 224 2331 {ffiffssj
283 2263 346 2303 non
367 2256 552 2303 remanerent
579 2243 610 2302 in
638 2261 726 2302 cruce
753 2262 877 2319 corpora
901 2243 1037 2314 sabbat0,

80 2332 147 2374 Num·
156 2331 188 2372 28·
197 2333 226 2381 18·
284 2336 345 2383 erat
359 2323 440 2382 enim
451 2344 575 2402 magnus
589 2322 653 2383 dies
664 2322 712 2382 ille
723 2322 847 2395 sabbati,
860 2336 1039 2399 rogauerunt

194 2395 226 2433 ²⁵·
284 2403 412 2463 Pilatum
427 2417 459 2464 ut
473 2408 673 2482 frangerentur
687 2424 788 2462 eorum
803 2424 895 2476 crura,
910 2416 941 2463 et
956 2407 1038 2464 tolle·

241 2507 270 2555 3²
283 2496 391 2546 rentur.
435 2489 590 2547 Uenerunt
607 2505 678 2562 ergo
691 2484 807 2558 milites,
823 2498 852 2545 et
871 2484 961 2562 primi
975 2485 1037 2563 qui·

283 2569 353 2627 dem
368 2568 514 2644 fregerunt
529 2573 620 2636 crura,
636 2577 665 2624 et
680 2564 799 2625 alterius
814 2564 865 2642 qui
880 2566 1038 2627 crucifixus

240 2670 271 2719 33
283 2660 327 2708 est
341 2667 411 2707 cum
425 2667 470 2706 eo,
512 2648 563 2706 Ad
573 2648 673 2705 Iesum
684 2658 785 2705 autem
795 2666 863 2704 cum
874 2646 1036 2720 uenissent,

282 2739 315 2788 ut
329 2727 468 2788 uiderunt
482 2748 551 2786 eum
566 2726 625 2786 iam
640 2738 798 2798 mortuum,
811 2746 872 2785 non
888 2729 1038 2804 fregerunt

241 2834 272 2883 34
283 2808 345 2868 eius
356 2828 458 2868 emta:
481 2809 534 2866 sed
545 2828 622 2866 unus
633 2805 760 2865 militum
771 2808 876 2867 lancea
885 2808 963 2868 latus
974 2809 1038 2869 eius

281 2888 402 2968 aperuit,
425 2900 455 2965 et
476 2887 620 2947 continuo
638 2886 728 2947 exiuit
750 2886 876 2965 sanguis,
896 2900 928 2949 et
948 2910 1036 2966 aqua

110 3054 130 3087 ²⁴
148 3052 296 3114 impleretur
308 3052 359 3108 3OE
469 3049 489 3082 ⁹¹⁵
505 3050 635 3111 Cleophae
647 3049 700 3106 ΞΘ
813 3048 840 3081 ξδ’
851 3065 902 3100 om.
915 3053 974 3101 iem
986 3051 1038 3108 Μ

75 3121 140 3169 dixit
153 3117 204 3173 Μ
270 3119 290 3148 ²⁹
312 3125 402 3170 >erat
416 3117 525 3180 positum
538 3115 590 3171 Μ
658 3117 772 3178 hyssopo
785 3114 837 3170 Μ

534 3205 577 3258 272
