2250 3630
80 161 109 220 9.
126 185 209 235 23-33
525 162 585 220 AD
607 159 817 223 ROMANOS

279 319 315 380 'si
329 322 434 381 uolens
457 323 541 380 Deus
560 321 718 381 ostendere
740 317 824 393 iram,
839 329 869 378 et
887 329 991 378 notam
1009 319 1050 378 ia-

289 420 357 462 cere
373 403 539 479 potentiam
561 421 654 473 suam,
671 399 811 459 sustinuit
831 398 863 457 in
883 401 980 459 multa
999 421 1050 477 pa-

171 499 190 541 a.
201 514 232 551 29.
251 507 280 555 23
292 481 397 542 tientia
410 503 482 542 uasa
496 483 556 541 irae
570 494 670 561 aptata
685 481 716 540 in
728 479 888 553 interitum,
901 491 935 539 ut
949 494 1050 540 osten-

106 550 232 653 Εςζῗζξζζζζ
289 566 373 624 deret
394 563 514 624 diuitias
542 561 653 638 gloriae
681 582 753 622 suae
777 561 808 620 in
835 581 908 620 uasa
936 561 1049 622 miseri-

251 671 281 718 24
292 643 419 716 cordiae,
436 663 513 720 quae
528 642 713 720 praeparauit
724 643 755 703 in
766 642 890 722 gloriam
902 665 908 700 :
931 662 1008 719 quos
1018 658 1048 703 et

289 723 411 784 uocauit
425 741 490 796 nos,
505 743 568 783 non
583 726 680 783 solum
696 744 731 783 ex
747 721 877 795 Iudaeis,
887 724 941 781 sed
957 723 1047 782 etiam

123 814 161 855 Os·
171 814 190 890 g·
200 829 231 862 2⁴·
249 831 278 878 25
290 825 327 865 ex
340 805 488 881 gentibus
505 803 581 863 sicut
596 804 627 862 in
641 805 722 865 Osee
736 803 827 866 dicit:

97 879 105 904 ¹
116 864 163 905 Pe*
171 891 190 905 “
201 879 231 906 ¹⁰¹
330 886 461 947 Uocabo
470 904 533 944 non
542 886 662 961 plebem
674 905 780 959 meam,
791 884 913 962 plebem
928 904 1029 943 meam
1040 910 1047 946 :

330 977 361 1026 et
380 985 442 1024 non
463 965 696 1026 misericordiam
716 978 919 1038 consecutam,
936 965 1048 1026 miseri-

410 1046 544 1107 cordiam
559 1060 762 1108 consecutam.

124 1142 161 1184 oa
171 1143 189 1186 1.
200 1159 230 1184 ιο.
249 1139 278 1188 26
332 1130 371 1187 Et
383 1127 436 1187 erit
446 1127 478 1186 in
488 1130 564 1200 loco,
572 1127 625 1187 ubi
635 1127 749 1188 dictum
759 1139 803 1188 est
812 1127 864 1188 eis:
877 1127 949 1186 Non
961 1129 1046 1205 plebs

411 1229 478 1268 mea
492 1229 555 1281 uos,

370 1289 412 1349 ibi
424 1290 614 1349 uocabuntur
625 1290 675 1349 filii
687 1291 745 1349 Dei
761 1288 831 1348 uiui.

80 1382 117 1423 Es.
123 1383 154 1424 10.
162 1399 192 1431 κα,
198 1399 228 1434 23,
249 1390 278 1443 27
291 1370 395 1429 Esaias
409 1383 510 1429 autem
522 1373 631 1430 clamat
641 1390 695 1446 pro
706 1372 817 1430 Israhel
830 1393 836 1429 :
852 1368 882 1428 Si
894 1368 983 1429 fuerit
994 1391 1045 1428 nu·

96 1433 159 1474 RQ·
170 1434 200 1475 ¹¹·
210 1450 228 1484 ⁵·
287 1470 386 1511 merus
397 1450 525 1510 filiorum
543 1453 656 1511 Israhel
670 1463 824 1527 tamquam
839 1469 931 1509 arena
945 1453 1042 1524 maris,

245 1544 275 1590 28
287 1530 428 1608 reliquiae
450 1534 551 1590 saluae
578 1533 658 1592 fient
687 1532 839 1592 .Uerbum
867 1529 951 1590 enim
976 1552 1044 1591 con·

285 1632 439 1671 summans
458 1622 488 1671 et
506 1611 645 1672 breuians
660 1613 691 1671 in
704 1613 872 1688 aequitate:
894 1611 967 1689 quia
980 1633 1044 1673 uer·

286 1693 359 1752 bum
375 1691 541 1752 breuiatum
557 1691 644 1753 faciet
657 1692 807 1752 Dominus
822 1711 910 1769 super
926 1706 1042 1753 terram.

134 1793 171 1834 Es.
182 1791 227 1845 ις.
245 1799 275 1850 ²9
287 1776 326 1833 Et
340 1772 418 1833 sicut
432 1771 576 1850 praedixit
592 1773 713 1833 Esaias:
776 1789 780 1796 ·

326 1853 393 1914 Nisi
423 1853 573 1914 Dominus
602 1855 728 1915 sabaoth
757 1853 925 1931 reliquisset
955 1855 1042 1914 nobis

407 1955 520 2005 semen,

366 2017 443 2076 sicut
457 2017 590 2076 Sodoma
604 2018 672 2076 lacti
687 2035 827 2090 essemus,
843 2026 873 2075 et
892 2018 970 2076 sicut
985 2017 1043 2076 Go

408 2116 504 2156 morra
519 2095 630 2157 similes
644 2096 810 2156 fuissemus.

154 2200 185 2242 10.
197 2216 227 2243 20.
245 2203 276 2249 30
327 2178 412 2254 Quid
437 2197 508 2254 ergo
529 2176 688 2237 dicemus?
722 2179 815 2253 Quod
837 2189 942 2254 gentes
964 2197 1041 2255 quae

286 2279 347 2317 non
357 2258 547 2318 sectabantur
561 2257 711 2332 iustitiam,
724 2260 989 2336 adprehenderunt
1003 2258 1042 2318 iu-

78 2359 134 2410 1o.2,
144 2373 161 2410 3,
169 2359 201 2400 11.
209 2373 226 2409 7.
245 2363 273 2411 31
286 2338 396 2398 stitiam
408 2361 415 2398 :
437 2337 578 2398 iustitiam
593 2350 694 2400 autem
706 2359 783 2416 quae
794 2360 830 2398 ex
839 2340 899 2399 fide
910 2351 971 2400 est:
985 2338 990 2378 ¹
1001 2341 1040 2400 ls-

285 2419 367 2478 rahel
377 2438 450 2478 uero
461 2432 578 2480 sectans
589 2422 687 2497 legem
700 2419 875 2491 iustitiae,in
887 2422 987 2499 legem
1000 2420 1040 2480 iu·

111 2498 457 2576 ·ss.a.14.32stitiaen0n
478 2500 621 2577 peruenit.
639 2497 643 2538 ¹
659 2502 783 2575 Quare?
824 2500 905 2575 Quia
923 2523 988 2562 non
1007 2522 1039 2562 ex

285 2582 353 2654 fide,
376 2583 430 2640 sed
451 2583 537 2657 quasi
558 2601 595 2640 ex
618 2581 778 2658 operibus:
800 2584 993 2642 offenderunt
1011 2582 1038 2640 in

107 2672 185 2741 las-‘283
196 2674 227 2712 1⁶·
245 2686 275 2735 33
287 2661 419 2738 lapidem
434 2660 615 2734 offensionis,
633 2664 709 2721 sicut
724 2662 865 2739 scriptum
881 2674 946 2723 est:

104 2723 226 2764 ¹P“'²'⁶'
325 2745 406 2802 Ecce
423 2762 507 2820 pono
527 2741 558 2801 in
576 2741 647 2802 Sion
666 2745 795 2820 lapidem
812 2743 996 2818 offensionis,
1012 2756 1038 2803 et

408 2835 522 2900 petram
538 2823 680 2896 scandali,

324 2917 353 2965 et
363 2904 461 2965 omnis
470 2906 522 2982 qui
531 2903 626 2964 credit
637 2903 667 2962 in
678 2925 747 2964 eum
757 2924 818 2964 non
828 2905 1034 2976 confundetur.

108 3011 129 3045 m
150 3021 177 3070 >
188 3014 258 3062 Deus
270 3017 359 3062 volens
371 3012 423 3069 Μ
512 3020 623 3072 aptata:
642 3020 702 3075 apta
714 3012 741 3066 ll
848 3012 870 3044 ²⁴
886 3030 938 3063 om.
952 3011 1037 3068 nos}

75 3077 97 3111 ²⁵
113 3094 205 3128 meam
216 3097 260 3128 sec.
271 3089 322 3129 ÷et
334 3096 384 3128 non
397 3080 525 3144 dilectam,
537 3079 654 3128 dilectam
667 3077 719 3134 Μ
784 3077 805 3109 ²⁸
820 3079 977 3129 abbreuians
990 3077 1036 3135 §a

75 3144 97 3177 ²⁹
113 3145 259 3196 Gomorrha
270 3143 323 3202 ΞΘ
372 3145 392 3178 ³¹
410 3147 531 3194 sectando
544 3143 597 3200 Μ
646 3143 668 3176 ³2
684 3144 1028 3204 offenderuntsenimsa

536 3225 581 3286 382
