2250 3630
103 185 232 263 1455-70
476 187 722 250 SECUNDUM
744 187 895 249 LUCAM

131 361 185 404 oen.
195 361 226 404 1t.
236 377 254 413 7,
272 370 302 419 55
353 343 438 407 Sicut
449 347 568 406 locutus
582 359 626 406 est
640 347 680 407 ad
694 357 792 424 patres
806 358 932 422 nostros,

102 413 132 455 ¹⁸·
144 415 173 466 ¹⁸2
182 412 214 456 ᾗ·
224 427 252 463 ¹⁷·
330 447 332 450 ⁴
393 427 546 488 Abraham
561 439 592 488 et
607 427 714 487 semini
727 427 792 488 eius
806 427 838 487 in
852 431 981 491 saecula.

239 560 240 565 ,
271 518 303 580 56
354 508 468 569 Mansit
482 519 583 568 autem
596 508 693 568 Maria
707 528 777 568 cum
792 509 843 569 illa
857 509 942 586 quasi
958 511 1065 568 mensi-

311 588 367 648 bus
382 589 494 650 tribus:
513 601 544 650 et
557 609 674 650 reuersa
688 601 733 650 est
747 592 779 649 in
794 593 919 651 domum
934 611 1027 650 suam.

270 691 301 742 57
352 668 508 731 Elisabeth
519 681 620 730 autem
631 670 789 747 impletum
800 683 846 731 est
861 681 979 748 tempus
990 671 1065 748 pari-

271 763 301 824 58
311 750 391 824 endi,
405 763 435 811 et
449 755 565 828 peperit
575 752 679 811 filiurn.
710 755 750 811 Et
760 752 919 812 audierunt
930 752 1023 811 uicini
1034 764 1064 812 et

310 831 429 909 cognati
439 832 503 892 eius
512 832 582 909 quia
587 831 789 909 magnificauit
796 832 944 892 Dominus
955 832 1064 893 miseri-

310 912 445 973 cordiam
459 933 544 973 suam
559 933 629 972 cum
646 912 713 972 illa:
735 925 765 973 et
782 915 1065 990 congratulabantur

124 1009 214 1052 Genu.
224 1025 253 1052 η.
271 1018 303 1068 59
312 995 347 1053 ei.
378 994 417 1053 Et
428 997 539 1053 factum
551 1006 596 1054 est
610 993 641 1053 in
653 993 703 1054 die
717 1005 836 1065 octauo,
849 1006 997 1053 uenerunt
1011 994 1064 1053 cir-

310 1075 481 1135 cumcidere
496 1092 630 1151 puerum,
646 1086 675 1134 et
690 1075 841 1134 uocabant
855 1094 925 1134 eum
940 1073 1064 1136 nomine

270 1165 302 1214 60
312 1155 401 1231 patris
417 1155 480 1216 eius
495 1157 676 1216 Zachariam.
714 1157 754 1214 Et
768 1158 954 1232 respondens
969 1170 1064 1216 mater

310 1236 382 1309 eius,
394 1237 480 1296 dixit:
500 1239 707 1313 Nequaquam,
719 1238 772 1296 sed
785 1236 943 1295 uocabitur
954 1238 1063 1296 Iohan-

269 1327 299 1375 61
312 1336 373 1376 nes,
404 1321 444 1377 Et
454 1317 593 1377 dixerunt
606 1318 646 1375 ad
657 1317 757 1377 illam:
782 1315 863 1391 Quia
874 1337 965 1377 uerno
975 1316 1020 1377 est
1032 1319 1062 1376 in

269 1405 299 1455 62
310 1397 489 1474 cognatione
500 1410 558 1470 tua,
572 1397 624 1473 qui
638 1408 763 1457 uocetur
778 1399 837 1457 hoc
852 1397 983 1458 nomine.
1016 1402 1064 1457 In-

309 1478 442 1537 nuebant
456 1489 556 1537 autem
572 1477 647 1554 patri
661 1477 734 1550 eius,
752 1498 843 1555 quem
858 1481 948 1538 uellet
962 1482 1063 1538 uocari

268 1566 388 1628 63eum.
413 1561 453 1617 Et
463 1560 618 1634 postulans
626 1558 802 1634 pugillarem
812 1558 935 1636 scripsit,
944 1559 1062 1622 dicens:

164 1706 166 1710 Α
293 1679 296 1686 -
311 1639 462 1698 Iohannes
474 1650 519 1698 est
530 1658 641 1698 nomen
653 1639 726 1700 eius.
759 1642 798 1698 Et
809 1639 905 1698 mirati
917 1652 987 1699 sunt
998 1640 1063 1698 uni-

182 1767 184 1770 .
269 1729 302 1792 64
311 1718 396 1779 uersi.
407 1722 554 1796 Apertum
564 1731 608 1778 est
616 1731 718 1779 autem
728 1720 798 1779 ilico
807 1741 841 1780 os
851 1720 915 1780 eius
924 1733 954 1780 et
963 1721 1064 1797 lingua

269 1799 906 1877 65eius,etloquebaturbenedicensDeum.
924 1804 1063 1862 Etfactus

308 1892 354 1940 est
363 1880 452 1941 timor
461 1883 549 1957 Super
560 1901 666 1940 omnes
676 1881 792 1942 uicinos
803 1900 921 1942 eorum:
934 1894 963 1942 et
975 1903 1064 1960 super

309 1965 412 2022 omnia
422 1974 566 2022 montana
577 1964 710 2022 Iudaeae
719 1964 1063 2040 diuulgabanturomnia

269 2053 301 2102 66
311 2045 403 2103 uerba
418 2046 500 2104 haec.
541 2047 581 2103 Et
596 2055 760 2121 posuerunt
777 2064 883 2104 omnes
895 2044 946 2120 qui
963 2044 1064 2104 audie-

309 2135 374 2181 rant
384 2124 414 2182 in
423 2127 514 2184 corde
523 2145 586 2197 suo,
598 2126 733 2186 dicentes
745 2149 751 2185 :
779 2125 872 2200 Quid,
882 2138 976 2202 putas
990 2145 1064 2201 puer

310 2205 365 2264 iste
375 2207 447 2263 erit?
468 2205 587 2265 Etenim
597 2227 703 2266 manus
715 2208 840 2267 Domini
851 2218 913 2266 erat
922 2225 991 2264 cum
1002 2205 1060 2265 illo.

270 2294 302 2356 67
353 2288 391 2343 Et
402 2285 558 2345 Zacharias
570 2299 654 2362 pater
665 2288 728 2348 eius
741 2287 881 2364 impletus
893 2297 938 2346 est
952 2286 1063 2363 Spiritu

311 2377 423 2437 sanct0,
440 2377 470 2425 et
484 2369 681 2445 prophetauit,
698 2370 816 2428 dicens:

196 2453 252 2506 216.
271 2456 302 2505 68
353 2449 534 2507 Benedictus
553 2449 702 2508 Dominus
719 2452 802 2509 Deus
817 2450 944 2509 Israhel:

102 2515 253 2584 P⁵¹¹⁰(¹³·⁹·.
393 2527 1062 2607 quiauisitauit,etfecitredemptionemplebi

434 2629 514 2670 suae.

100 2710 253 2810 (xsamggffi.
271 2700 303 2764 69
354 2690 498 2831 Et·er{Xit
513 2711 606 2831 cogru
616 2692 722 2832 {glutis
737 2691 844 2783 nobis:

393 2791 424 2829 m
461 2791 532 2832 omo
577 2793 625 2833 aur
683 2792 745 2831 uen
762 2792 816 2831 sur.

193 2856 194 2859 ’
272 2871 303 2924 70
353 2851 436 2912 Sicut
454 2855 572 2912 locutus
590 2865 635 2913 est
655 2793 707 2930 ger
724 2873 759 2913 os
779 2865 960 2925 sanctorum,
975 2855 1028 2929 qui
1046 2873 1064 2913 a

433 2935 553 2992 saeculo
569 2945 648 3007 sunt,
662 2936 875 3010 prophetarum
890 2936 972 2994 eius:

132 3092 354 3154 ⁵⁰eiuszsuiztt
413 3095 434 3129 ⁶⁴
446 3096 513 3144 illico
521 3094 573 3153 Μ
629 3096 651 3128 ⁶⁶
668 3097 724 3158 quis
736 3095 789 3152 Sti
850 3098 871 3130 ⁶⁷
883 3099 998 3160 repletus
1011 3098 1064 3157 Μ

99 3157 216 3224 “plebis
229 3158 281 3217 Μ
919 3187 921 3192 ·
1047 3185 1050 3191 ·

561 3254 606 3302 ¹34
