2446 3730
154 227 183 286 2.
202 227 300 300 17-3.
317 251 333 300 4
548 225 703 286 uACOBI
726 225 935 287 EPISTULA

365 385 412 443 Ite
425 381 456 442 in
471 402 555 460 pace,
572 381 771 442 calefacimini
791 395 821 443 et
841 383 1033 446 saturamini:
1058 405 1126 445 non

364 463 505 525 dederitis
520 477 620 524 autem
635 463 678 524 eis
693 483 771 540 quae
788 467 955 526 necessaria
970 477 1040 526 sunt
1058 486 1127 526 cor·

326 566 354 620 17
366 544 453 622 poris,
470 545 544 622 quid
558 546 712 622 proderit?
743 544 793 605 Sic
808 547 936 620 strides,
952 546 1058 606 sinon
1074 549 1127 607 ha-

195 643 237 682 m.
248 641 265 682 t.
276 655 307 682 20.
326 638 354 685 18
366 626 435 687 beat
446 646 544 704 opera,
551 636 718 686 mortuaest
727 625 758 686 in
768 637 864 687 semet
872 626 944 705 ipsa
968 629 1029 688 Sed
1038 627 1127 689 dicet

202 693 250 734 ⁰²¹·
259 691 278 732 ⁵·
289 695 308 732 ⁶·
366 707 452 783 quis:
476 710 526 766 Tu
544 708 635 767 fidem
655 709 758 780 habes,
775 720 806 768 et
822 727 880 786 ego
894 727 985 786 opera
998 709 1126 771 habeo:

366 788 492 848 ostende
502 786 575 846 mibi
586 789 678 848 fidem
689 801 771 848 tuam
783 790 849 848 sine
858 788 1007 866 operibus,
1021 801 1058 858 et,
1065 809 1127 868 ego

195 885 239 925 nc.
250 885 267 924 1.
278 899 309 934 24,
327 893 356 944 ¹9
367 869 525 928 ostendam
543 867 597 927 tibi
611 889 647 929 ex
661 869 803 946 operibus
818 871 911 930 fidem
926 889 1035 930 meam.
1073 873 1126 931 Tu

260 935 280 975 5'
291 949 308 986 ⁷·
367 947 463 1008 credis
478 951 620 1026 quoniam
638 970 715 1009 unus
735 961 781 1010 est
802 952 905 1011 Deus:
930 949 1009 1010 bene
1027 951 1126 1012 facis:

324 1054 355 1088 20
366 1041 396 1089 et
410 1030 573 1090 daemones
585 1032 721 1104 credunt,
735 1042 765 1090 et
780 1042 1031 1093 contremescunt.
1064 1033 1126 1094 Uis

364 1122 465 1170 autern
475 1112 557 1183 scire,
569 1113 690 1172 ohomo
701 1111 806 1184 inanis,
817 1111 961 1188 quoniam
970 1113 1046 1172 fides
1055 1113 1126 1173 sine

156 1204 309 1258 Genera-ra
326 1215 353 1250 21
367 1193 507 1268 operibus
526 1191 622 1252 otiosa
641 1194 708 1252 est?
743 1192 897 1252 Abrabam
917 1205 1001 1271 pater
1019 1206 1126 1256 noster

367 1291 469 1332 nonne
493 1293 528 1333 ex
553 1271 693 1350 operibus
719 1272 893 1333 iustificatus
915 1284 969 1346 cst,
992 1275 1125 1336 offerens

169 1371 225 1412 neb.
237 1371 267 1410 n.
279 1385 309 1422 η.
326 1378 354 1411 22
369 1355 454 1413 Isaac
469 1354 564 1413 filium
579 1373 666 1412 suurn
681 1373 770 1430 super
784 1355 899 1414 altare?
934 1355 1034 1416 Uides
1048 1375 1126 1434 quo

366 1437 448 1494 niam
463 1436 537 1494 fides
551 1434 768 1510 cooperabatur
778 1434 921 1512 operibus
932 1434 1029 1496 illius:
1044 1449 1077 1497 et
1089 1458 1126 1498 ex

182 1528 236 1568 oen.
247 1527 278 1568 15.
288 1530 307 1567 ⁶.
325 1540 354 1586 23
365 1515 506 1591 operibus
521 1515 596 1574 fides
610 1527 818 1575 consummata
832 1519 900 1576 est?
928 1518 968 1576 Et
982 1519 1126 1594 suppleta

169 1577 280 1668 ²PE³22222
289 1593 309 1668 ἒξ
366 1606 411 1656 est
425 1596 576 1671 scriptura,
589 1594 710 1656 dicens:
726 1595 864 1658 Credidit
874 1597 1030 1657 Abraham
1042 1599 1126 1673 Dec,

188 1679 308 1730 Rom-³·
366 1687 397 1735 et
415 1687 583 1753 reputatum
603 1687 648 1735 est
667 1675 709 1736 illi
728 1678 767 1737 ad
788 1677 938 1748 iustitiam,
957 1689 987 1738 et
1004 1677 1125 1739 amicus

325 1781 356 1830 24
369 1756 426 1818 Dei
437 1757 603 1834 appellatus
614 1768 667 1817 est.
691 1758 810 1818 Uidetis
823 1757 966 1836 quoniam
978 1778 1016 1818 ex
1027 1761 1125 1836 operi-

367 1827 422 1898 bus
437 1836 611 1897 iustificatur
624 1839 726 1911 homo,
742 1850 772 1898 et
787 1858 849 1898 non
864 1859 900 1898 ex
915 1840 976 1899 fide
991 1851 1121 1901 tantum.

166 1938 223 1979 neb.
234 1937 265 1978 11.
276 1918 307 1988 ³2.
325 1943 337 1977 2
341 1943 355 1992 5
366 1918 506 1980 Similiter
516 1929 546 1979 et
558 1919 644 1979 Raab
656 1918 801 1992 meretrix,
814 1939 917 1979 nonne
928 1938 965 1979 ex
976 1921 1123 1996 operibus

166 1988 309 2089 mili}
367 2000 525 2062 iustificata
545 2011 599 2072 est,
619 1999 784 2078 suscipiens
803 2000 925 2061 nuntios
942 2013 973 2060 et
992 2003 1053 2061 alia
1070 2005 1122 2062 uia

326 2091 356 2141 26
367 2081 500 2150 eiciens?
523 2082 607 2141 Sicut
621 2083 701 2140 enim
710 2099 820 2160 corpus
831 2082 896 2141 sine
907 2081 1013 2157 spiritu
1024 2102 1122 2142 emor-

365 2174 450 2221 tuum
471 2173 524 2234 est,
541 2160 584 2220 ita
603 2173 634 2222 et
655 2163 729 2221 fides
750 2162 815 2223 sine
836 2160 977 2240 operibus
1000 2176 1123 2225 mortua

365 2257 417 2303 est.
752 2263 753 2268 ¹

331 2320 356 2384 3
408 2323 510 2384 Nolite
537 2325 637 2401 plures
663 2321 793 2401 magistri
820 2323 892 2400 fieri,
909 2328 1023 2388 tratres
1050 2330 1121 2402 mei,

196 2419 239 2461 rac.
250 2419 268 2459 1.
278 2421 309 2462 2⁶.
345 2407 497 2465 ascientes
506 2404 650 2482 quoniam
665 2404 761 2465 maius
776 2405 919 2466 iudicium
931 2408 1058 2470 sumitis.
1082 2412 1124 2469 In

367 2485 468 2546 multis
488 2485 569 2546 enim
593 2485 773 2547 offendimus
796 2505 911 2546 omnes.
948 2489 1068 2568 Siquis
1089 2489 1124 2551 in

367 2567 460 2627 uerbo
475 2586 536 2627 non
551 2569 684 2636 offendit,
701 2565 751 2626 hic
766 2568 975 2644 perfectusest
990 2570 1036 2630 uir
1047 2591 1124 2649 :po

369 2660 426 2707 test
441 2650 532 2708 etiam
547 2651 632 2708 ireno
647 2647 872 2708 circumducere
887 2659 984 2708 totum
1000 2671 1121 2728 corpus.

159 2739 309 2793 Ps·31t³2t·9·
344 2727 400 2800 3Si
413 2741 512 2788 autem
528 2747 673 2806 equorum
689 2731 789 2789 frenos
807 2727 839 2787 in
853 2749 906 2788 ora
920 2731 1068 2792 mittimus
1081 2736 1124 2794 ad

368 2811 617 2869 consentiendum
629 2809 725 2884 nobie,
737 2820 768 2870 et
779 2829 871 2870 omne
880 2829 988 2887 corpus
1001 2814 1124 2874 illorum

344 2889 622 2964 4circumferimus:
648 2910 718 2950 ecce
738 2903 768 2950 et
788 2909 891 2963 naues,
907 2909 977 2950 curn
993 2911 1125 2971 magnae

188 3011 211 3046 ¹⁸
227 3015 356 3070 eorporis
367 3009 486 3060 ACGH:
503 3012 603 3072 corpori
615 3009 738 3068 DFVSOE
795 3011 824 3046 ³⁹
841 3012 979 3062 Benesacis
988 3029 1042 3064 uno
1051 3017 1126 3066 uerbo

157 3075 182 3133 ‚S
233 3079 434 3128 contremiscunt
446 3076 498 3134 Μ
592 3075 614 3108 ²⁰
629 3081 722 3127 otiosa
732 3076 801 3130 codd.
809 3078 879 3142 plur.
892 3095 899 3128 ε
916 3086 1018 3128 mortua
1028 3079 1125 3138 ΝΜ

157 3141 179 3175 ²⁴
195 3147 313 3194 tantum?
331 3142 384 3201 Μ
472 3139 493 3174 ²⁶
510 3141 668 3199 Rahabzdt
757 3142 779 3176 ²⁸
794 3151 974 3196 emortuum:
991 3155 1124 3196 mortuum

156 3207 265 3269 ausu
363 3210 386 3258 8.
405 3207 416 3240 ³
433 3209 504 3270 equis
515 3207 594 3266 Asu
643 3207 782 3269 trenez&
846 3210 1069 3271 ⁴>Eteecez=

616 3301 664 3352 544
