2250 3630
96 159 141 219 13.
158 177 242 234 37-47
340 247 345 257 ⁴
433 158 571 223 ACTUS
594 151 913 222 APOSTOLORUM

302 327 331 375 et
344 314 499 393 adpositus
521 327 565 375 est
586 317 626 376 ad
647 328 744 394 patres
762 336 840 390 suos,
856 328 887 376 et
904 315 981 378 uidit
995 338 1058 380 cor·

183 404 201 451 a.
212 421 242 461 31.
259 415 290 471 37
302 396 483 473 mptionem.
525 399 626 473 Quem
640 417 712 457 uero
722 399 806 458 Deus
816 397 977 472 suscitauit,
995 420 1058 460 non

182 495 200 536 s.
211 510 242 545 31.
261 490 292 549 38
301 477 377 538 uidit
391 477 622 557 corruptionem.
665 481 779 539 Notum
797 477 884 556 igitur
901 478 938 538 sit
959 481 1057 553 uobis,

124 545 160 588 ¹⁴0·
169 545 201 586 ²⁴·
211 561 242 597 4⁷·
301 559 356 619 uiri
371 562 481 632 sratreS,
497 558 567 635 quia
582 580 633 637 per
647 560 728 619 hunc
740 558 827 618 uobis
841 559 976 620 remissio
991 582 1059 638 pec-

299 653 433 700 catorum
448 639 648 712 adnuntiatur,
658 638 698 699 ab
713 639 855 700 omnibus
869 639 979 717 quibus
995 662 1057 702 non

112 745 173 787 nom.
182 745 201 784 a
212 760 244 795 20,
259 744 291 796 39
302 720 439 797 potuistis
451 720 481 780 in
490 722 555 797 lege
566 720 646 799 Mosi
656 719 825 782 iustificari:
847 720 879 781 in
889 723 948 782 hoc
957 723 1059 784 omnis

93 797 124 845 ²⁸›
133 795 151 835 ⁸·
160 796 216 847 ³¹¹⁰·
224 812 242 845 ⁴·
258 827 291 876 40
302 801 352 878 qui
372 801 475 874 credit,
496 801 678 861 iustificetur.
721 801 835 862 Uidete
857 823 929 881 ergo
951 824 991 863 ne
1013 825 1059 864 su·

300 881 454 960 perueniat
464 882 551 942 uobis
561 884 644 960 quod
654 881 770 943 dictum
785 895 830 942 est
845 883 875 942 in
887 885 1059 962 prophetis:

127 979 184 1020 nab.
196 979 213 1021 1.
223 993 241 1030 5
257 988 286 1036 41
341 962 454 1025 Uidete
468 974 677 1036 contemtores,
693 974 723 1022 et
741 963 940 1038 admiramini,
956 977 987 1024 et
1001 965 1060 1026 dis·

420 1044 596 1120 perdimini:

379 1123 451 1202 quia
465 1144 541 1203 opus
555 1145 662 1202 operor
675 1146 732 1203 ego
745 1123 777 1184 in
791 1125 899 1186 diebus
913 1125 1029 1200 uestris,

337 1226 414 1284 opus
429 1209 513 1346 qutpd
528 1226 589 1266 non
604 1206 739 1280 credetis,
756 1206 781 1267 si
796 1206 863 1284 quis
877 1205 1059 1268 enarrauerit

418 1309 458 1348 uo
481 1308 514 1348 rs.

256 1391 286 1439 4²
341 1368 529 1428 Exeuntibus
538 1379 638 1427 autem
650 1367 707 1428 illis
717 1367 862 1446 rogabant
876 1380 909 1427 ut
918 1369 1059 1445 sequenti

100 1463 240 1515 rt.1⁴,1t.4.
256 1471 289 1521 43
299 1448 427 1508 sabbato
445 1451 639 1526 loquerentur¹
655 1447 712 1509 sibi
732 1449 824 1509 uerba
840 1449 923 1508 haec.
967 1452 1060 1512 Cum-

299 1548 359 1605 que
373 1528 496 1589 dimissa
510 1541 588 1589 esset
602 1550 760 1608 synagoga,
777 1529 871 1590 secuti
885 1543 955 1590 sunt
971 1531 1058 1592 multi

299 1610 481 1669 Iudaeorum
496 1622 526 1670 et
540 1609 704 1671 colentium
718 1613 911 1684 aduenarum,
928 1615 1069 1672 Paulum·

296 1706 326 1749 et
342 1691 520 1752 Barnaban:
542 1691 593 1768 qui
608 1693 765 1769 loquentes
779 1692 947 1753 suadebant
965 1695 1009 1752 eis
1024 1707 1059 1754 ut

296 1785 505 1849 permanerent
520 1771 550 1830 in
565 1771 658 1849 gratia
672 1771 740 1832 Dei.

255 1878 288 1925 44
339 1852 482 1930 Sequenti
496 1873 568 1913 uero
582 1853 710 1913 sabbato
724 1871 820 1930 paene
833 1851 972 1914 uniuersa
986 1854 1059 1914 ciui-

165 1955 238 1999 κη.
255 1951 344 2006 45tas
372 1933 514 1994 conuenit
536 1935 641 2014 audire
668 1934 794 1994 uerbum
817 1932 951 1992 Domini.
1003 1935 1058 1996 Ui·

112 2005 238 2050 ΜΝ·
295 2016 401 2076 dentes
414 2028 515 2075 autem
530 2015 640 2087 turbas,
657 2013 762 2074 Iudaei
778 2013 881 2091 repleti
896 2027 966 2075 sunt
980 2017 1055 2095 zelo,

295 2108 326 2157 et
343 2095 588 2157 contradicebant
605 2095 652 2156 his
672 2115 749 2173 qnae
763 2115 783 2154 a
798 2096 893 2155 Paulo
910 2094 1056 2156 diceban·

110 2200 129 2242 a.
140 2201 171 2246 2⁶,
181 2198 211 2239 ra.
221 2203 240 2251 ⁶,
254 2187 287 2250 46
296 2190 350 2251 tur,
367 2177 617 2254 blasphemantes.
657 2179 746 2236 Tunc
755 2187 928 2236 constanter
942 2179 1057 2238 Paulus

128 2248 240 2341 miti·
294 2271 324 2317 et
344 2256 499 2318 Barnabas
520 2257 676 2318 dixerunt:
698 2256 796 2320 Uobis
817 2256 977 2335 oportebat
998 2259 1056 2336 pri·

163 2329 239 2401 ’21-’43Ϊ
296 2358 379 2397 mum
394 2338 476 2415 loqui
491 2341 616 2400 uerbum
632 2337 709 2398 Dei:
730 2339 784 2398 sed
801 2337 945 2415 quoniam
961 2344 1056 2417 repel-

296 2417 355 2478 litis
370 2417 451 2491 illud,
467 2432 497 2479 et
512 2421 651 2496 indignos
665 2439 721 2479 uos
743 2417 895 2479 iudicastis
913 2416 1056 2481 aeternae

131 2514 210 2592 nego.
220 2517 237 2556 ⁶.
253 2520 284 2573 47
295 2498 383 2571 uitae,
400 2519 470 2560 eece
484 2500 688 2561 conuertimur
700 2501 740 2559 ad
754 2512 867 2578 gentes.
904 2499 954 2560 Sic
969 2501 1053 2562 enim

131 2565 167 2607 ¹⁴⁰·
177 2592 196 2607 ··
207 2580 237 2616 ³²·
294 2579 444 2660 praecepit
457 2581 544 2642 nobis
557 2579 707 2641 Dominus
721 2603 743 2662 ;Ι

336 2663 427 2722 Posui
442 2673 471 2721 te
485 2661 517 2721 in
531 2665 633 2722 lumen
648 2660 807 2739 gentibus:

376 2754 409 2802 ut
433 2742 473 2801 sis
501 2743 531 2802 in
556 2745 683 2803 salutem
707 2742 863 2820 usquead
884 2751 1052 2804 extremum

416 2834 518 2884 terrae.

118 2943 140 2976 ³³
157 2949 355 2996 unsaramma
376 2943 484 2994 mortuis
506 2943 559 3000 §tt
690 2945 712 2976 ³⁸
729 2946 977 2995 adnuntiant-eet
1001 2945 1054 3002 M

86 3008 114 3057 ³⁸2
122 3010 142 3040 ³⁹
159 3010 260 3074 disting.
273 3011 411 3072 iustificari,
425 3011 450 3060 in
463 3010 513 3058 hoc
524 3009 577 3064 Sti
701 3009 723 3040 ⁴³
739 3013 918 3060 colentium
929 3008 1017 3060 Deum
1029 3010 1053 3067 S

85 3075 106 3107 ⁴⁴
124 3091 190 3138 pene
202 3074 254 3145 Μ
304 3078 437 3125 Domini:
456 3076 505 3124 Dei
519 3074 572 3131 §tt
621 3075 642 3106 *θ
659 3075 777 3126 iudicatis
788 3073 842 3132 Μ
899 3071 922 3108 ⁴²
937 3078 1054 3128 lumen:

81 3142 168 3190 iucem
180 3140 232 3197 §td
282 3141 403 3191 Gentium
415 3139 468 3198 8OE

545 3221 592 3282 318
