2250 3630
118 192 148 250 8.
165 214 235 264 2-14
281 236 283 241 -
460 192 600 252 AC'rUs
622 190 946 252 APOSTOLORUM

307 348 397 420 ariae,
420 358 537 423 praeter
558 348 729 422 Apostolos.
774 347 969 408 Curauerunt
993 363 1093 412 autem

329 430 515 505 Stephanum
527 425 581 485 uiri
593 426 730 499 timorati,
742 438 771 486 et
786 429 923 488 fecerunt
935 433 1092 506 planctum

153 542 172 583 9,
184 556 201 590 ἢ
211 540 241 583 22.
252 556 270 591 4,
306 533 319 580 3
330 529 472 585 magnum
483 527 572 585 super
581 507 674 567 illum
707 509 813 567 Saulus
824 529 897 568 uero
909 512 1091 575 deuastabat

154 591 269 643 2⁶·10111·
327 589 493 660 ecclesiam,
507 609 559 667 per
574 591 681 648 domos
693 587 812 661 intranS,
826 600 856 649 et
871 593 1001 655 trahens
1013 595 1091 656 uiros

328 690 363 730 ac
378 670 527 743 mulieres,
543 669 680 729 tradebat
696 668 727 728 in
741 669 921 730 custodiam.

304 779 321 825 4
371 750 465 827 Igitur
492 750 544 828 qui
572 750 697 826 dispersi
726 763 817 823 erant,
847 756 1090 828 pertransiebant

221 867 240 908 6,
251 881 269 918 5,
305 831 564 908 5euangelizantes
579 832 714 892 uerbum.
753 831 909 909 Philippus
925 848 1036 897 autem
1046 840 1090 898 de

328 914 476 972 scendens
495 912 526 971 in
546 912 699 972 ciuitatem
717 912 875 984 Samariae,
893 919 1089 991 praedicabat

304 993 559 1056 6illisChristum.
596 994 801 1054 Intendebant
811 1006 912 1054 autem
925 999 1039 1060 turbae
1047 999 1089 1073 his

327 1095 404 1151 quae
424 1096 443 1134 a
466 1075 605 1153 Philippo
626 1073 803 1135 dicebantur
824 1075 1022 1153 unanimiter,
1046 1101 1089 1141 au

119 1188 270 1292 »ri-lt-
306 1155 966 1314 aare¹¹l}litterarar-
1003 1160 1087 1304 ul

182 1272 187 1282 ·
223 1271 228 1281 ·
263 1272 269 1282 ·
327 1258 408 1297 emm
424 1258 528 1297 eorum
564 1258 583 1295 u
947 1261 1027 1303 mun
1049 1262 1087 1312 os,

325 1321 489 1378 clamantes
499 1337 574 1377 uoce
584 1337 699 1394 magna,
709 1317 866 1377 exiebant:
889 1322 982 1382 multi
990 1335 1087 1384 autem

303 1398 479 1476 8p'aralytici
498 1411 529 1458 et
548 1397 647 1457 claudi
666 1397 759 1458 curati
776 1409 854 1457 sunt.
899 1401 1034 1464 Factum
1048 1416 1087 1466 est

327 1500 398 1556 ergo
413 1499 554 1556 magnum
568 1479 711 1556 gaudium
726 1482 758 1538 in
772 1479 822 1538 illa
836 1478 972 1544 ciuitate.

303 1588 318 1636 9
368 1559 425 1621 Uir
438 1570 539 1619 autem
550 1559 672 1635 quidam
688 1563 811 1620 nomine
821 1558 938 1635 Simon,
952 1566 1008 1642 qui
1022 1576 1086 1627 ante

325 1643 421 1700 fuerat
444 1639 476 1699 in
504 1639 625 1700 ciuitate
649 1662 762 1719 magus,
786 1643 937 1704 seducens
968 1659 1085 1724 gentem

326 1721 485 1794 Samariae,
508 1720 611 1780 dicens
633 1743 665 1782 se
687 1742 751 1783 esse
772 1722 904 1799 aliquem
928 1747 1084 1807 magnum:

285 1829 315 1862 10
326 1802 375 1863 cui
393 1803 603 1863 auscultabant
619 1824 725 1864 omnes
743 1824 761 1863 a
780 1802 909 1864 minimo
930 1809 1083 1886 usquead

326 1887 497 1957 maximum,
515 1883 667 1945 dicentes:
691 1884 752 1944 Hic
763 1897 808 1945 est
819 1884 915 1946 uirtus
928 1890 1001 1964 Dei,
1014 1907 1084 1968 quae

285 1991 312 2025 11
325 1978 450 2026 uocatur
478 1986 603 2044 magna:
638 1968 845 2026 adtendebant
872 1978 979 2030 autem
1010 1990 1081 2042 eum,

325 2051 543 2126 propterquod
559 2050 654 2107 multo
669 2061 804 2124 tempore
821 2047 946 2124 magicis
963 2053 1027 2113 suis
1040 2053 1082 2113 de

168 2147 185 2188 a.
194 2150 226 2238 38,
236 2163 266 2198 41.
286 2153 311 2186 12
323 2140 485 2188 mentasset
495 2149 555 2188 eos,
572 2129 650 2189 Cum
661 2149 732 2188 uero
741 2127 1082 2211 credidissentPhilippo

143 2199 225 2240 ΜΝ·
237 2214 267 2250 ¹⁹·
325 2209 542 2286 euangelizanti
562 2211 607 2269 de
620 2229 713 2286 regno
736 2208 795 2268 Dei
816 2219 846 2267 et
868 2210 999 2274 nomine
1020 2216 1081 2275 Iesu

286 2312 314 2360 13
325 2289 446 2362 Christi,
459 2290 687 2367 baptizabantur
697 2289 752 2348 uiri
766 2310 802 2349 ac
814 2289 965 2354 mulieres.
1001 2298 1082 2356 Tunc

326 2369 429 2429 Simon
453 2384 483 2431 et
507 2371 572 2447 ipse
595 2369 740 2430 credidit:
771 2383 800 2430 et
825 2390 895 2430 cum
918 2373 1082 2452 baptizatus

325 2462 411 2522 esset,
422 2453 584 2512 adherebat
599 2450 753 2528 Philippo:
775 2451 882 2512 uidens
897 2453 993 2516 etiam
1005 2457 1082 2534 signa

324 2543 354 2591 et
369 2531 492 2590 uirtutes
502 2534 645 2592 maximas
655 2531 726 2604 fieri,
737 2545 860 2609 stupens
869 2535 1080 2598 admirabatur.

157 2624 161 2632 ¹
194 2623 266 2666 rm
284 2638 313 2686 14
365 2612 445 2672 Cum
467 2626 569 2673 autem
590 2613 744 2674 audissent
765 2613 905 2692 Apostoli
927 2616 982 2694 qui
1004 2627 1082 2680 erant

325 2693 552 2770 Hierosolymis,
576 2695 646 2772 quia
669 2695 780 2771 recepit
802 2696 936 2755 Samaria
958 2700 1082 2760 uerbum

324 2774 392 2848 Dei,
410 2776 553 2835 miserunt
571 2777 610 2834 ad
627 2775 692 2835 illos
710 2778 831 2836 Petrum
849 2787 878 2835 et
895 2777 1081 2841 Iohannem:

145 2905 155 2935 ²
172 2908 254 2954 illum
267 2922 273 2953 :
290 2921 349 2953 eum
362 2903 415 2960 Μ
497 2904 507 2934 ³
524 2920 610 2953 uero:
627 2913 714 2953 autem
727 2904 779 2959 Μ
861 2905 872 2937 ⁴
890 2911 1081 2967 pertransibant

114 2969 165 3025 Μ
214 2976 333 3020 uerbum
343 2986 361 3023 ÷
369 2971 417 3020 Dei
429 2969 482 3026 Μ
547 2968 558 3000 ⁷
572 2971 678 3018 exibant
689 2969 742 3025 Μ
807 2978 834 3018 et
845 2978 871 3019 et
884 2971 909 3028 5
954 2972 966 3004 ⁸
985 2982 1014 3030 >
1026 2990 1080 3034 gau·

113 3037 183 3083 dium
196 3051 315 3097 magnum
329 3035 380 3092 Μ
464 3035 484 3068 ¹¹
503 3037 671 3085 attendebant
688 3034 741 3090 Μ
807 3037 897 3099 magijs
910 3037 938 3093 ρῐ
1020 3040 1041 3073 ¹²
1055 3046 1080 3088 et

111 3106 239 3150 nomine:
257 3119 283 3151 m
295 3103 400 3151 nomine
414 3101 467 3157 Μ
550 3101 571 3133 ¹³
587 3101 744 3150 adhaerebat
756 3100 809 3157 Μ
891 3101 913 3135 ¹⁴
928 3111 1001 3163 quia
1011 3119 1080 3156 raca

111 3170 170 3224 pit:
188 3168 256 3229 quod
269 3169 412 3230 recepisset
425 3166 477 3223 Μ
528 3171 612 3216 illos:
630 3182 675 3216 eos
686 3165 740 3221 Μ

574 3259 622 3307 300
