2250 3630
79 185 136 246 23.
153 209 237 261 ¹t·²4
300 198 304 207 '
410 187 654 249 SECUNDUM
677 186 929 248 MATTHEUM

255 366 285 414 13
336 343 403 403 Uae
420 353 532 402 ¹autern
560 340 657 413 uobis,
684 341 806 402 Scribae
829 350 859 400 et
884 340 1044 416 Pharisaei,
1059 343 1099 400 ².³.²

294 421 485 500 hypocritae:
506 422 577 500 quia
597 422 735 482 clauditis
756 442 879 499 regnum
894 424 1045 483 caelorum
1074 418 1086 454 ⁵

210 520 223 531 ⁴¹
264 516 363 565 ante
378 503 533 564 homines:
554 523 610 563 uos
625 505 705 565 enim
719 523 782 564 non
796 502 918 577 intratis,
933 523 991 564 nec
1004 504 1047 563 in-

296 596 416 645 troeunt
417 604 449 645 es
464 584 558 645 sinitis
573 584 689 646 intrare.
767 626 777 640 .,

177 684 179 695 ·
209 701 210 704 =
255 690 284 740 15
335 668 406 728 Uae
411 665 507 738 uobis,
518 665 638 726 Scubae
647 677 677 725 et
686 664 847 740 Pharrsaer,
855 656 1099 759 hypocntoe

293 747 364 825 quia
386 746 546 807 circumitis
571 767 652 807 mare
677 758 707 807 et
728 749 851 818 aridam,
873 758 906 806 ut
931 733 1092 808 faciatis¹⁰

292 848 385 889 unum
398 830 596 905 proselytum:
617 839 648 888 et
658 848 728 888 curn
737 827 824 888 fuerit
835 830 938 901 lactus,
949 829 1046 889 facitis

293 924 362 970 eum
378 909 472 970 filium
486 911 641 987 gehennae
655 912 747 987 duplo
762 929 852 986 quam
867 929 931 969 uos.
981 950 982 955 ι
1052 929 1054 933 ’

253 1001 283 1051 16
334 993 401 1052 Uae
422 990 509 1051 uobis
530 993 623 1051 duces
644 990 734 1065 caeci,
756 990 808 1067 qui
830 989 945 1051 dicitisr
972 991 1045 1067 Qui-

234 1148 237 1155 !
291 1091 421 1149 cumque
433 1071 571 1131 iurauerit
586 1092 637 1148 per
651 1074 805 1150 templum,
822 1071 896 1131 nihil
907 1084 970 1133 est:
993 1075 1045 1150 qui

203 1161 206 1164 '
254 1171 282 1226 ιγ
292 1165 392 1235 autem
407 1153 546 1213 iurauerit
561 1153 591 1211 in
602 1172 675 1212 auro
686 1152 798 1229 templi,
811 1152 911 1213 dehet.
954 1153 1044 1214 Stulti
1067 1153 1069 1158 ⁸

292 1244 322 1294 et
332 1233 412 1294 caeci
426 1258 431 1293 :
447 1233 520 1311 quid
532 1233 611 1292 enim
624 1233 719 1293 maius
729 1245 781 1307 est,
793 1253 907 1305 aurum,
920 1254 959 1292 an
970 1245 1045 1293 tem-

252 1317 374 1392 18⁴plum
396 1316 478 1392 quod
498 1314 663 1374 sanctificat
681 1317 808 1374 aurum?
850 1316 890 1373 Et
909 1313 1044 1391 quicum-

291 1413 351 1473 que
372 1394 510 1454 iurauerit
532 1397 562 1453 in
577 1395 669 1467 altari,
686 1395 759 1454 nihil
774 1407 835 1454 est:
858 1394 1043 1472 quicumque

291 1487 391 1536 autem
408 1475 590 1535 iuraueritin
602 1477 685 1535 dono
699 1477 781 1552 quod
796 1485 841 1535 est
855 1494 944 1552 super
958 1475 1042 1550 illud,

109 1575 150 1619 En
160 1576 193 1620 29.
204 1593 235 1631 ³⁷·
253 1580 283 1633 19
294 1558 392 1617 debet.
410 1575 412 1583 ’
436 1556 544 1619 Caeci:
567 1558 640 1633 quid
652 1558 731 1615 enim
743 1555 838 1615 maius
850 1568 903 1628 est,
916 1558 1041 1630 donum,

253 1663 284 1697 ιο
292 1657 330 1697 an
344 1640 435 1697 altare
450 1639 533 1714 quod
544 1636 708 1697 sanctificat
719 1639 856 1696 donum?
898 1636 960 1711 Qui
972 1657 1043 1714 ergo

285 1717 366 1776 ‘iurat
381 1718 413 1776 in'
426 1720 516 1790 altari,
534 1717 609 1776 iurat
625 1717 654 1776 in
669 1737 706 1777 eo
720 1729 750 1776 et
765 1717 794 1775 in
807 1717 948 1777 omnibus
964 1737 1042 1796 quae

216 1836 218 1840 ι
252 1824 279 1858 21
291 1818 379 1875 super
394 1800 466 1857 illud
481 1811 557 1857 sunt.
603 1802 642 1859 Et
656 1798 707 1875 qui
722 1798 861 1858 iurauerit
875 1798 905 1856 in
917 1802 1040 1876 templo,

172 1891 191 1934 5.
203 1906 233 1944 34·
253 1906 280 1938 22
291 1879 366 1938 iurat
381 1878 412 1938 in
423 1879 473 1938 illo
488 1890 517 1939 et
529 1881 558 1938 in
571 1899 608 1939 eo
622 1879 673 1956 qui
686 1878 832 1938 inhabitat
840 1879 870 1937 in
883 1881 957 1956 ipso.
1001 1883 1042 1941 Et

290 1961 341 2052 qui
358 1958 432 2019 iurat
447 1959 478 2018 in
489 1963 581 2033 caelo,
595 1960 670 2019 iurat
685 1960 715 2018 in
727 1962 835 2020 throno
846 1961 904 2019 Dei
915 1973 946 2021 et
960 1960 993 2021 in
1004 1982 1042 2022 eo

290 2060 342 2118 qur
335 2040 441 2102 sedet
455 2061 543 2117 super
557 2062 634 2101 eum.

250 2147 280 2194 ²3
331 2124 398 2183 Uae
408 2121 501 2194 uobis,
513 2122 633 2182 Scubae
642 2133 672 2181 et
681 2124 840 2195 Pharisaer,
851 2117 1096 2229 hypocritae
1060 2162 1094 2169 —-

96 2215 146 2257 ιιι
157 2214 189 2257 ιι.
201 2231 231 2306 ³3*
289 2203 360 2280 quia
379 2201 533 2262 decimatis
554 2216 685 2263 mentam
706 2217 736 2264 et
750 2206 892 2263 anethum
907 2216 937 2263 et
952 2193 1083 2282 cymi-⁵

81 2265 147 2358 Ἢ·
159 2266 232 2358 {2221
290 2304 372 2355 num,
394 2285 424 2342 e't
445 2282 602 2359 reliquistis
622 2303 700 2360 quae
720 2284 856 2361 grauiora
874 2297 944 2344 sunt
957 2287 1041 2364 legis,

289 2363 432 2423 iudicium
461 2375 491 2424 et
519 2363 752 2425 misericordiam
774 2377 803 2424 et
824 2367 933 2425 fidem:
966 2369 1042 2428 haec

250 2470 280 2518 24
289 2445 420 2520 oportuit
440 2447 544 2518 faeere,
568 2456 597 2504 et
611 2444 660 2504 illa
675 2466 736 2504 non
747 2445 892 2506 omittere.
937 2442 1096 2508 Duces³⁵

113 2624 134 2657 ¹⁴
155 2624 263 2673 Uersum
281 2640 333 2673 om.
352 2623 419 2672 codd.
437 2625 522 2686 plue:
539 2624 631 2673 habent
646 2626 730 2687 (FlHc
748 2625 780 2674 al.
799 2625 858 2681 SQL
879 2626 966 2689 legunt
981 2644 1042 2676 uero

80 2690 115 2738 sic
131 2705 179 2738 uae
197 2691 279 2748 uobis,
298 2689 405 2737 scribae
424 2698 449 2738 et
470 2694 531 2753 (om.
552 2706 602 2740 scr.
623 2698 649 2738 et
667 2691 699 2753 F)
718 2692 858 2751 Pharisaei,
876 2693 1041 2754 hypocritae,

79 2755 123 2817 qui
136 2754 208 2816 (quia
219 2755 282 2817 Μ)
294 2755 431 2804 comeditis
443 2758 586 2818 (deuoratis
599 2756 629 2818 F)
642 2758 733 2804 domos
745 2757 888 2817 uiduarum,
902 2758 1041 2807 occasione

81 2820 210 2882 (oratione
224 2821 262 2882 Η)
275 2820 353 2882 longa
364 2830 469 2869 orantes
481 2822 624 2884 (orationes
635 2821 725 2882 longas
736 2839 772 2870 or
785 2820 854 2882 §Q
871 2824 920 2871 sub
930 2823 1042 2872 obtentu

80 2885 197 2947 prolixae
206 2885 328 2935 orationis
342 2885 391 2947 F);
409 2895 514 2948 propter
525 2887 574 2935 hoc
588 2890 653 2962 (⁰m2
664 2902 702 2947 pr.
712 2887 806 2946 hocF3
816 2895 869 2937 ÷ut
882 2887 920 2950 Η)
930 2890 1042 2966 ampliqs

79 2952 213 3011 accipietis
228 2953 300 3014 (atis
314 2952 352 3013 H)
366 2924 485 2999 itidlcium
500 2953 589 3013 (accip.
604 2953 727 3000 maiorem
744 2924 935 3001 damnationem
948 2953 995 3016 F’);
1013 2957 1041 3003 in

80 3017 117 3064 H
130 3017 206 3064 uerba
214 3019 297 3079 posita
305 3026 367 3065 sum
379 3018 443 3064 anter
451 3019 570 3065 hommes
582 3024 605 3064 et
618 3033 671 3067 uos
686 3033 760 3064 uersu
775 3033 805 3078 13
883 3017 903 3050 ²¹
921 3022 972 3075 qui
980 3028 1040 3082 pn:

79 3082 239 3201 qugumqutr
241 3081 293 3194 ἐϋ
324 3079 513 3202 sighimtffi
602 3081 623 3114 ²⁸
640 3082 846 3195 hypochritaez
895 3088 978 3141 quia:
996 3086 1040 3146 qui

183 3162 241 3194 rnen
270 3163 311 3194 am

542 3225 576 3273 60
