2250 3630
192 169 439 231 ,SECUNDUM
462 170 716 237 MATTHEUM
894 172 941 234 14.
958 186 1041 249 20433

81 323 202 384 turbam
227 323 416 386 discumbere
440 345 529 403 supra
549 327 684 399 faenum,
704 324 835 404 acceptis

80 404 217 482 quinque
227 406 354 484 panibus
365 418 395 466 et
406 407 525 468 duobus
536 405 675 484 piscibus,
687 406 835 484 aspiciens

80 486 116 545 in·
135 489 251 547 caelum
267 487 431 550 benedixit
446 500 476 548 et
496 488 598 565 fregit:
620 487 756 551 etdedit
777 487 835 548 dis·
955 544 957 549 ,

79 566 187 644 cipulis
215 587 316 644 panes,
345 568 483 647 discipuli
510 581 611 629 autem
639 569 741 629 turbis.
795 571 835 630 Et
845 595 875 629 κο
890 576 967 648 ,Regj
975 597 995 646 (2
1023 575 1025 580 '

79 651 339 709 manducauerunt
357 670 463 710 omnes
484 661 514 710 et
532 650 658 719 saturati,
672 661 751 714 sunt.
794 653 834 710 Et
890 647 954 698 ΒΨ)
962 649 981 689 ⁴·
991 663 1022 699 ⁴⁴·

77 731 211 789 tulerunt
219 730 357 808 reliquias
368 733 530 791 duodecim
539 730 685 809 cophinos
694 733 837 808 fragmen·
881 764 885 771 ·

78 822 178 869 torum
206 813 321 888 plenos
372 812 623 872 Manducantium
651 823 751 872 autem
780 811 873 872 fuitn

78 911 223 951 numerus
258 892 391 969 quinque
425 893 506 952 milia
533 892 673 967 uirorum,
703 890 834 970 ex'ceptis

78 971 253 1033 mulieribus
268 984 298 1033 et
311 973 450 1050 paruulis.

26 1026 63 1140 {l
120 1056 161 1113 Et
189 1055 288 1114 statim
317 1054 402 1114 iussit
426 1054 589 1131 discipulos
613 1056 776 1115 ascendere
800 1053 870 1117 inas
930 1065 997 1108 Μ

78 1133 259 1208 nauiculam,
280 1146 310 1195 et
328 1139 506 1213 praecedere
527 1155 596 1195 eum
618 1137 829 1208 transfretum,
889 1116 1040 1218 llffljssffilj

10 1217 179 1282 14972donec
199 1215 361 1277 dimitteret
379 1217 489 1277 turbas.
533 1219 572 1276 Et
593 1215 716 1276 dimissa
736 1217 831 1288 turba,
843 1241 873 1288 23

10 1296 216 1364 150s4ascendit
240 1296 271 1356 in
294 1309 429 1358 montem
454 1300 535 1358 solus
559 1317 651 1358 orare.
696 1299 831 1374 Uespere

77 1387 181 1436 autem
196 1379 274 1436 lacto
296 1381 377 1438 solus
397 1389 457 1439 erat
473 1378 522 1438 ibi.
567 1377 716 1438 Nauicula
729 1389 830 1438 autem
842 1404 873 1452 24

58 1514 61 1520 .
76 1456 109 1516 in
118 1457 227 1518 ‘medio
242 1458 314 1518 mari
326 1459 490 1519 iactabatur
500 1459 656 1518 fluctibus:
679 1458 832 1518 eratenim

75 1538 243 1598 contrarius
252 1552 368 1600 uentus.
390 1543 504 1616 Quarta
512 1551 613 1599 autem
623 1539 723 1616 uigilia
730 1538 829 1599 noctis
840 1565 852 1598 2
857 1564 870 1612 5

75 1618 161 1680 uenit
182 1622 221 1679 ad
242 1640 294 1681 eos
315 1622 472 1681 ambulans
494 1639 582 1697 supra
603 1641 691 1680 mare.
736 1622 776 1680 Et
791 1619 832 1679 ui·
843 1631 873 1680 26

75 1703 184 1760 dentes
206 1721 275 1761 eum
296 1721 386 1778 supra
406 1722 487 1762 mare
501 1701 705 1761 ambulantem
722 1700 832 1760 turbati

74 1792 147 1840 sunt
161 1781 314 1842 dicentes:
337 1782 416 1858 Quia
427 1785 605 1860 phantasma
615 1793 669 1841 est.
712 1784 751 1841 Et
761 1802 832 1859 prae
873 1815 875 1819 >
950 1794 952 1798 ’
987 1790 989 1794 ’

74 1861 184 1922 timore
219 1865 431 1923 clamauerunt.
483 1863 650 1940 Statimque
678 1865 763 1921 Iesus
792 1865 871 1935 lo27

74 1954 164 2002 cutus
183 1954 229 2002 est
247 1943 291 2003 eis
313 1944 435 2004 dicens:
458 1945 580 2005 Habete
595 1941 753 2003 fiduciam:
775 1963 832 2018 ego

25 2019 59 2074 Ψ
74 2043 152 2094 sum,
175 2026 268 2085 nolite
286 2027 400 2085 timere.
444 2026 645 2102 Respondens
660 2034 761 2083 autem
777 2026 830 2082 Pe·
841 2036 870 2083 28

32 2093 54 2120 ¹⁰
74 2115 138 2163 trus
158 2104 250 2165 dixit:
273 2108 414 2179 Domine,
436 2106 507 2167 situ
522 2126 563 2180 eS,
580 2105 651 2165 iube
665 2125 714 2164 me
729 2103 831 2164 uenire

73 2187 114 2244 ad
136 2196 167 2245 te
187 2205 276 2263 super
290 2206 391 2263 aquas.
417 2185 420 2223 ¹
443 2191 485 2247 At
499 2187 563 2265 ipse
577 2188 635 2245 ait:
658 2186 755 2265 Ueni.¹
792 2187 831 2244 Et
842 2210 872 2261 ²9

74 2267 264 2326 descendens
280 2271 385 2327 Petrus
400 2269 438 2327 de
451 2269 589 2328 nauicula
599 2265 774 2326 ambulabat
786 2285 832 2325 su-

73 2366 127 2423 per
152 2366 271 2423 aquam,
296 2360 329 2407 ut
353 2351 469 2409 ueniret
493 2351 533 2408 ad
559 2351 668 2408 Iesum.
713 2345 873 2419 Uidens30

73 2447 148 2486 uero
172 2440 297 2488 uentum
317 2429 450 2488 ualidum
476 2429 592 2489 timuit:
614 2439 645 2488 et
668 2447 739 2487 cum
764 2447 830 2488 coe·

73 2507 167 2584 pisset
189 2509 290 2586 mergi,
313 2509 452 2569 clamauit
474 2510 597 2570 dicens:
619 2507 762 2580 Domine,
779 2511 837 2568 sal-s

73 2608 147 2648 uum
167 2609 217 2649 me
232 2593 287 2650 sac.
330 2594 370 2651 Et
391 2589 535 2650 continuo
558 2592 643 2650 Iesus
665 2590 869 2660 extendens31

23 2736 32 2762 ι
72 2689 207 2742 manum,
229 2671 429 2748 adprehendit
450 2691 540 2731 eum:
570 2683 599 2731 et
620 2671 661 2731 ait
679 2669 743 2729 illi:
765 2671 833 2728 Mo

22 2737 159 2841 {dicae
178 2751 257 2824 fidei,
281 2771 372 2830 quare
393 2752 559 2812 dubitasti?
601 2754 720 2811 Etcum
731 2769 871 2840 ascen532
939 2790 941 2794 -

72 2832 188 2890 dissent
209 2833 241 2891 in
261 2832 439 2906 nauiculam,
462 2831 590 2893 cessauit
609 2843 725 2892 uentus.
769 2832 872 2905 Qu133

103 3007 127 3042 ¹⁹
143 3009 293 3072 stupeum
340 3001 433 3061 autem
442 3012 596 3062 ÷dederunt
609 3009 647 3066 S·
710 3007 731 3042 ²²
748 3011 942 3059 statimiussit
953 3007 1038 3056 disci·

70 3077 158 3132 puto·
167 3076 272 3125 :statim
282 3078 405 3138 compulit
413 3077 486 3127 lesus
493 3076 633 3141 discipulos
639 3073 691 3130 Sti
735 3073 756 3137 Ψ
768 3089 846 3138 super
856 3072 884 3129 π
927 3071 949 3106 ²⁶
959 3085 1039 3134 super

71 3139 100 3195 li
167 3139 189 3174 ¹⁸
209 3141 473 3199 >adtevenireztt
538 3142 560 3177 ³²
576 3137 773 3197 ascendisset}

537 3229 568 3284 37
