2250 3630
205 159 343 219 ACTUS
367 157 689 220 APOSTOLORUM
875 156 925 213 21.
943 179 1027 228 30-40

62 315 144 376 niam
159 312 192 373 in
200 316 346 392 templum
355 313 566 373 introduxisset
578 314 696 372 Paulus.
732 312 822 374 Com·
832 335 862 382 3ο
878 326 908 366 19.
920 340 950 379 29.

63 409 207 473 motaque
230 407 275 455 est
303 394 407 454 ciuitas
430 408 501 464 tota,
533 405 562 454 et
585 396 663 453 facta
685 405 730 453 est
753 413 821 452 con-

62 476 162 536 cursio
183 475 295 552 populi.
339 478 378 534 Et
399 477 661 552 adprehendentes
683 476 818 546 Paulum,

62 557 221 618 trahebant
233 576 302 616 eum
312 569 392 616 extra
402 558 547 633 templum
562 581 568 616 :
590 555 728 616 et'statim
743 557 821 614 clau-

63 660 114 698 sae
136 649 206 697 sunt
228 637 342 697 ianuae.
385 638 608 713 Quaerentibus
628 651 730 697 autem
749 657 818 696 eum
830 661 858 707 31

62 719 209 791 occidere,
221 719 390 778 nuntiatum
406 730 450 778 est
466 717 587 778 tribuno
598 717 737 790 cohortis,
751 717 820 794 quia

63 814 127 861 tota
141 799 335 860 confunditur
350 799 550 859 Hierusalem.
580 798 640 875 Qui
656 799 756 859 statim
770 801 819 859 ad·
830 823 859 870 3²

64 881 170 941 sumtis
191 881 334 940 militibus
354 894 384 941 et
403 879 638 952 centurionibus,
654 880 821 940 decucurrit

63 966 104 1023 ad
118 962 193 1022 illos.
233 961 293 1038 Qui
310 983 380 1022 cum
395 961 543 1022 uidissent
558 960 710 1020 tribunum
726 975 756 1020 et
771 961 823 1019 mi-

48 1045 138 1117 lites
162 1056 353 1103 cessauerunt
375 1056 529 1121 percutere
552 1044 686 1103 Paulum.
731 1045 820 1100 'l'unc
831 1067 860 1114 33
880 1067 991 1120 ,33033

63 1127 212 1195 accedens
227 1124 363 1184 tribunus
377 1123 577 1202 adprehendit
596 1143 675 1196 eum,
692 1136 722 1181 et
737 1122 821 1181 iussit
881 1119 910 1160 ¹²·
920 1122 938 1160 ⁶·

62 1205 176 1283 alligari
196 1206 309 1265 catenis
330 1206 468 1267 duabus:
490 1219 520 1265 et
536 1205 734 1281 interrogabat
755 1202 822 1280 quis

63 1298 150 1360 esset,
164 1300 194 1346 et
208 1285 282 1364 quid
297 1286 424 1348 lecisset·
463 1286 527 1346 Alii
548 1297 649 1346 autem
666 1284 748 1345 aliud
764 1286 822 1342 cla·
831 1309 863 1357 34

63 1368 188 1428 mabant
203 1367 234 1426 in
249 1369 355 1428 turba:
376 1380 492 1427 etcum
509 1387 570 1426 non
588 1378 689 1444 posset
706 1378 821 1425 certum

62 1466 245 1526 cognoscere
259 1469 330 1526 prae
351 1450 490 1522 tumultu,
506 1448 591 1507 iussit
611 1446 683 1508 duci
701 1466 771 1507 eum
791 1445 821 1505 in

62 1541 168 1589 castra.
212 1531 252 1588 Et
267 1550 336 1588 curn
351 1528 483 1589 uenisset
503 1532 542 1590 ad
560 1530 679 1606 gradus
697 1526 822 1605 contigit
831 1551 862 1600 35

62 1625 96 1670 ut
111 1622 277 1687 portaretur
295 1614 313 1669 a
328 1609 471 1670 militibus
488 1624 608 1687 propter
627 1609 690 1668 uim
708 1608 822 1686 populi.

62 1691 253 1768 Sequebatur
266 1690 346 1750 enim
362 1690 525 1751 multitudo
540 1690 652 1769 populi,
670 1692 803 1750 clamans
814 1715 821 1750 ι
832 1701 862 1762 36
879 1714 911 1756 22.
921 1730 952 1755 η

61 1773 151 1832 Tolle
166 1791 243 1831 eum.
880 1766 961 1854 ᾕῆῗ,
971 1767 1000 1848 ¹⁸3

105 1855 230 1912 Etcum
248 1853 396 1930 coepisset
416 1854 517 1915 induci
534 1854 565 1913 in
585 1866 680 1914 castra
701 1855 819 1922 Paulus
831 1877 860 1925 35
893 1830 905 1855 ⁰
921 1848 926 1856 ’
951 1842 967 1856 “’
980 1831 1008 1864 ¹⁹

61 1933 138 1995 dicit
151 1933 290 1994 tribuno:
312 1935 342 1995 Si
364 1935 433 1994 licet
455 1935 529 1994 mihi
550 1935 633 2013 loqui
654 1933 769 2012 aliquid
783 1934 822 1993 ad
1024 1999 1025 2002 3

62 2018 118 2076 te?
148 2015 209 2092 Qui
222 2015 314 2078 dixit:
335 2018 451 2077 Graece
474 2016 576 2076 nosti?
593 2018 596 2053 ¹
613 2018 725 2076 Nonne
743 2028 775 2074 tu
789 2034 822 2074 es
832 2027 862 2086 38
879 2031 899 2071 s.
911 2034 940 2082 ³⁶·

62 2096 237 2175 Aegyptius,
248 2097 300 2175 qui
314 2110 384 2158 ante
398 2100 455 2158 hos
470 2098 535 2158 dies
548 2100 710 2157 tumultum
724 2095 823 2157 conci-

61 2177 141 2251 tasti,
160 2189 190 2238 et
207 2177 334 2239 eduxisti
354 2179 388 2239 in
407 2182 559 2239 desertum
581 2189 723 2256 quattuor
744 2176 825 2236 milia

61 2259 196 2320 uirorum
206 2259 401 2322 sicariorum?
424 2263 463 2320 Et
477 2260 550 2321 dixit
560 2262 600 2320 ad
611 2280 680 2320 eum
690 2260 801 2319 Paulus
815 2281 862 2334 :39
880 2281 1011 2331 o.11‚‘22.3.

63 2344 131 2418 Ego
146 2342 239 2400 homo
253 2361 321 2401 sum
332 2344 456 2420 quidem
469 2344 600 2402 Iudaeus
615 2343 759 2401 aTharso
773 2339 823 2402 Ci-

62 2422 150 2482 liciae
164 2442 226 2482 non
242 2422 361 2501 ignotae
374 2423 503 2483 ciuitatis
525 2424 689 2500 municeps.
732 2424 821 2499 Rogo

61 2515 165 2562 autem
188 2516 226 2577 te,
249 2507 387 2581 permitte
406 2503 479 2563 mihi
497 2503 580 2581 loqui
602 2504 642 2563 ad
665 2505 821 2581 populum.

63 2586 104 2642 Et
119 2603 190 2642 cum
204 2584 253 2645 ille
264 2584 453 2662 permisisset,
467 2586 577 2644 Paulus
589 2595 670 2644 stans
684 2583 716 2642 in
726 2585 820 2661 gradi·
831 2608 865 2655 40

64 2665 120 2722 bus
145 2665 251 2724 annuit
272 2685 363 2724 manu
384 2668 424 2726 ad
443 2664 584 2743 plebem:
604 2677 636 2725 et
657 2683 767 2744 magno
787 2663 823 2723 si·

61 2744 158 2804 lentio
179 2746 265 2818 sacto,
295 2748 441 2806 allocutus
469 2759 513 2806 est
543 2745 685 2808 Hebraea
713 2745 821 2823 lingua,

60 2825 188 2886 dicens:

96 3004 118 3037 ³²
136 3007 249 3055 decurrit
272 3005 325 3064 ΞΘ
423 3007 445 3039 ³⁸
461 3011 639 3057 iussit÷eum
662 3005 714 3061 5111
813 3003 834 3036 ³⁷
851 3006 982 3056 dixit÷ci
1008 3005 1030 3059 5

61 3072 84 3104 ³⁹
102 3072 186 3120 Tarso
209 3069 261 3128 5013
285 3075 328 3134 (93
344 3077 371 3119 at
390 3073 435 3132 98)
529 3071 631 3137 distr'ng.
656 3072 739 3120 Tarso
762 3070 878 3132 Ciliciae,
903 3087 956 3121 non
980 3070 1032 3126 Μ

61 3139 85 3170 ⁴⁰
106 3137 232 3198 >lingua
244 3137 363 3187 Hebraea
376 3135 429 3194 St&

525 3230 572 3279 34³
