2250 3630
106 156 134 215 5.
152 163 236 231 24-36
448 156 929 218 Actus-Apostolorum

275 341 306 391 ²4
315 315 394 375 intus
418 313 596 375 inuenimus.
640 316 684 375 Ut
708 326 809 374 autem
833 314 991 374 audierunt
1017 317 1074 374 hos

316 416 467 456 sermones
482 395 676 472 ,magistratus
695 395 799 472 templi
819 407 849 455 et
866 395 1015 473 principes
1031 417 1074 455 sa·

317 478 480 550 cerdotum,
493 476 686 553 ambigebant
700 478 739 536 de
750 476 807 535 illis
822 476 967 552 quidnam
980 478 1072 538 fieret.

276 583 305 632 25
317 560 492 619 Adueniens
502 567 603 616 autem
614 557 737 634 quidam
748 557 897 616 nuntiauit
908 557 950 616 eis
963 581 970 618 :
994 559 1075 633 Quia

317 660 387 699 ecce
410 638 464 698 uiri
488 658 564 715 quos
587 637 727 714 posuistis
751 638 783 697 in
803 659 928 712 carcere,
951 641 1075 701 suntin

276 731 306 781 26
318 722 439 798 templo,
455 732 566 779 stantes
581 731 610 778 et
625 720 768 778 docentes
783 723 939 797 populum.
982 723 1073 781 Tunc

216 820 217 824 ’
316 799 389 860 abiit
411 799 597 877 magistratus
622 821 691 859 cum
720 800 869 874 ministris,
897 813 926 861 et
948 803 1074 862 adduxit

316 880 382 941 illos
396 880 460 941 sine
475 880 504 939 ui
518 905 524 942 :
546 879 691 940 timebant
703 881 783 942 enim
798 884 943 960 populum
954 904 993 942 ne
1002 885 1074 961 lapi-

276 982 305 1037 27
317 965 466 1023 darentur.
510 965 635 1022 Etcum
654 962 848 1023 adduxissent
867 963 942 1036 illos,
966 976 1073 1024 statue·

316 1055 385 1102 runt
399 1042 430 1102 in
445 1042 591 1104 concilio:
613 1055 643 1102 et
658 1041 848 1120 interrogauit
867 1064 919 1103 eos
934 1044 1074 1121 princeps

159 1151 258 1192 4,13.21,
276 1138 306 1184 28
318 1127 515 1198 sacerdotum,
530 1123 534 1162 ¹
550 1123 672 1186 dicens:
695 1123 910 1200 Praecipiendo
924 1127 1075 1203 praecepi·

133 1201 257 1252 ¹⁸¹t·‘²⁷·²⁵·
317 1226 384 1264 mus
407 1205 495 1265 uobis
516 1226 555 1265 ne
578 1203 726 1264 doceretis
748 1204 921 1265 innomine
944 1205 1023 1269 isto:
1044 1220 1075 1268 et

316 1307 386 1346 ecce
400 1284 533 1363 replestis
549 1287 738 1345 Hierusalem
753 1285 888 1344 doctrina
905 1299 1022 1348 uestra:
1046 1300 1076 1349 et

317 1366 405 1426 uultis
421 1366 561 1425 inducere
576 1386 733 1442 supernos
750 1366 925 1444 sanguinem
942 1368 1074 1429 hominis

276 1474 307 1523 29
317 1446 409 1507 istius.
453 1449 653 1524 Respondens
678 1459 777 1507 autem
804 1450 908 1507 Petrus
937 1461 967 1508 et
991 1453 1073 1528 Apo·

318 1527 385 1587 stoli
406 1527 560 1589 dixerunt:
583 1527 735 1588 Oboedire
751 1540 876 1604 oportet
890 1531 958 1589 Deo
980 1530 1074 1608 magis

275 1608 613 1685 3oquam'hominibus.
657 1611 740 1668 Deus
762 1621 881 1686 patrum
904 1622 1074 1672 nostrorum

317 1688 469 1769 suscitauit
488 1691 598 1763 Iesum,
619 1710 709 1766 quem
726 1711 781 1750 uos
800 1689 998 1765 interemistis,
1014 1714 1075 1752 sus·

198 1796 217 1838 ρ,
228 1799 258 1847 3⁶,
275 1795 305 1842 31
317 1772 483 1847 pendentes
505 1770 537 1829 in
561 1770 649 1848 ligno.
694 1774 789 1831 Hunc
808 1774 890 1831 Deus
908 1771 1074 1851 principem

108 1847 258 1938 '‘ff-1433}
315 1863 345 1911 et
353 1853 532 1912 saluatorem
540 1851 680 1912 exaltauit
689 1854 812 1913 dextera
822 1873 882 1925 sua,
893 1854 933 1912 ad
941 1854 1075 1914 dandam

171 1928 175 1938 '
212 1927 258 1999 '271
317 1932 529 2009 paenitentiam
550 1935 670 2004 Israhel,
690 1946 721 1992 et
741 1932 946 1992 remissionem
971 1954 1075 2011 pecca-

277 2037 306 2084 32
319 2025 435 2076 torum:
456 2025 486 2073 et
500 2034 555 2074 nos
566 2034 667 2073 sumus
682 2025 772 2073 testes
781 2015 888 2073 horum
903 2014 1073 2089 uerborum,

315 2106 345 2153 et
359 2093 483 2172 Spiritus
499 2106 626 2168 sanctus,
643 2115 733 2172 quem
744 2093 827 2154 dedit
838 2096 922 2154 Deus
931 2096 1074 2156 omnibus

318 2174 549 2237 oboedientibus
564 2175 629 2235 sibi.
835 2231 837 2235 .

200 2278 218 2318 r.
229 2293 259 2329 54·
276 2279 306 2326 33
360 2258 448 2315 Haec
456 2277 525 2315 cum
535 2256 696 2330 audissent,
706 2256 940 2331 dissecabantur,
956 2269 988 2317 et
996 2258 1073 2336 cogi·

198 2362 229 2402 aa.
240 2377 258 2413 3.
275 2360 307 2409 34
318 2337 423 2397 tabant
439 2335 605 2398 interficere
621 2336 697 2397 illos.
741 2340 869 2415 Surgens
887 2350 991 2398 autem
1013 2338 1074 2416 qui·

315 2419 387 2477 dam
406 2419 438 2477 in
456 2417 586 2478 concilio
608 2417 791 2491 Pharisaeus,
816 2418 940 2489 nomine
965 2421 1072 2480 Gama-

315 2498 393 2571 lihel,
409 2498 481 2575 legis
496 2500 601 2559 doctor
615 2498 797 2559 honorabilis
811 2498 968 2559 uniuersae
983 2500 1071 2578 plebi,

274 2603 304 2653 35
316 2578 400 2639 iussit
421 2580 500 2638 foras
517 2581 556 2639 ad
574 2579 664 2639 breue
680 2579 819 2639 homines
836 2579 917 2640 fieri:
939 2579 1073 2658 dixitque

315 2662 355 2720 ad
370 2659 453 2721 illos:
475 2659 541 2721 Uiri
559 2661 739 2732 Israhelitae,
755 2659 910 2720 adtendite
925 2660 1014 2722 uobis
1029 2682 1073 2721 su·

184 2761 216 2802 ar.
227 2767 258 2813 ³8·
275 2753 306 2812 36
318 2761 370 2817 per
386 2740 559 2801 hominibus
575 2739 646 2813 istis,
667 2740 742 2817 quid
762 2739 855 2800 acturi
875 2739 949 2801 sitis.
994 2745 1073 2802 Ante

317 2823 372 2889 hos
387 2821 467 2880 enim
482 2821 546 2881 dies
561 2821 655 2881 extitit
671 2823 822 2894 Theodas,
838 2821 942 2881 dicens
960 2843 994 2882 se
1009 2843 1071 2883 esse

312 2901 506 2979 aliquem,cui
514 2901 799 2964 consensituirorum
808 2921 949 2991 numerus
959 2902 1072 2964 circiter

99 3073 110 3121 ξ,
128 3025 160 3120 ,ἐπ
177 3045 306 3114 carcerem
326 3065 379 3120 §ti
471 3066 490 3097 ⁸¹
512 3053 691 3127 >principem
711 3072 737 3113 et
757 3048 908 3116 saluatoreni
923 3066 1004 3129 ‚Deus
1022 3063 1071 3122 56

109 3131 198 3180 Israeli
211 3131 263 3186 ΜΕ
330 3131 350 3162 ³⁴
369 3131 493 3181 Gamaliel
505 3131 559 3188 ΞΘ
624 3131 645 3164 ³⁰
665 3130 948 3193 >numerusvirorum
961 3131 1015 3191 Sd:

567 3225 612 3275 ²9²
