2250 3630
98 153 126 212 6.
143 152 227 211 6-7.
246 177 256 210 2
440 153 579 213 ACTUS
600 151 922 213 APOSTOLORUM

309 303 420 386 Spiritu
440 319 552 379 sancto,
578 318 608 367 et
630 307 801 384 Philippum
821 321 851 368 et
871 308 1065 381 Prochorum,

310 400 340 448 et
360 387 542 448 Nicanorem
559 400 589 448 et
606 386 777 462 Timonem,
793 398 823 447 et
841 391 1019 448 Parmenam
1037 403 1067 449 et

125 493 142 533 1.
151 493 219 544 24,13.
230 508 249 545 ³.
286 469 474 532 6Nicolaum
488 469 638 528 aduenam
648 467 883 529 Antiochenum.
927 472 996 529 Hos
1011 483 1068 530 sta-

94 544 251 644 fflmffffl
308 561 428 612 tuerunt
456 562 526 608 ante
554 562 748 626 conspectum
771 551 1007 626 Apostolorum:
1038 564 1067 610 et

157 694 162 703 ,
190 644 209 684 5·
219 659 250 694 22,
308 643 428 692 orantes
442 629 637 707 inposuerunt
651 629 693 690 eis
708 650 823 690 manus.

99 694 250 803 Ιζῖζᾝπῗ
287 732 301 786 7
350 712 390 770 Et
404 711 529 771 uerbum
546 709 604 770 Dei
622 711 782 785 crescebat,
801 723 831 771 et
848 710 1068 788 multiplicaba-

307 791 719 869 turnumerusdiscipulorum
729 791 958 851 inHierusalem
968 795 1067 852 ualde:

205 877 214 887 “
308 876 402 933 multa
430 872 519 932 etiam
547 873 635 933 turba
662 874 852 933 sacerdotum
884 872 1068 933 oboediebat

307 953 387 1015 fidei.

283 1049 297 1095 8
348 1037 517 1113 Stephanus
541 1047 642 1095 autem
665 1037 771 1114 plenus
789 1033 883 1113 gratia
900 1045 930 1095 et
950 1034 1066 1094 sortitu·

307 1116 378 1177 dine
392 1115 519 1177 faciebat
534 1115 670 1195 prodigia
688 1128 717 1175 et
732 1115 817 1193 signa
834 1136 943 1193 magna
962 1114 995 1176 in
1010 1136 1066 1194 po-

283 1200 388 1276 9pulo.
419 1200 612 1259 Surrexerunt
620 1209 720 1256 autem
731 1196 855 1273 quidam
866 1199 905 1257 de
917 1217 1069 1274 synagoga

307 1299 384 1356 quae
393 1280 558 1356 appellatur
568 1277 797 1351 Libertinorum,
808 1289 838 1337 et
847 1277 1068 1354 Cyrenensium

270 1420 276 1432 ,
307 1372 336 1419 et
352 1358 629 1431 Alexandrinorum,
647 1369 675 1418 et
691 1378 795 1419 eorum
813 1357 866 1435 qui
880 1370 964 1418 erant
978 1379 998 1418 a
1016 1358 1067 1420 Ci-

99 1462 128 1502 rc
142 1461 248 1513 21.14,15.
268 1466 297 1499 10
308 1439 383 1512 licia,
401 1451 430 1498 et
444 1438 524 1511 Asia,
541 1438 727 1516 disputantes
744 1459 815 1498 cum
833 1440 1008 1516 Stephano:
1037 1452 1068 1500 et

307 1540 370 1579 non
387 1531 524 1598 poterant
542 1519 677 1580 resistere
697 1519 862 1598 sapientiae
883 1531 913 1578 et
931 1519 1065 1596 Spiritui,

268 1626 295 1661 11
310 1599 362 1677 qui
389 1601 576 1677 loquebatur.
619 1603 708 1662 Tunc
737 1600 950 1661 summiserunt
975 1601 1066 1674 uiros,

306 1681 358 1758 qui
375 1681 509 1742 dicerent
528 1703 560 1742 se
577 1681 696 1743 audisse
712 1703 783 1743 eum
799 1681 951 1742 dicentem
973 1684 1068 1742 uerba

266 1788 293 1822 12
304 1763 507 1840 blasphemiae
521 1762 553 1822 in
563 1766 672 1822 Mosen
687 1776 716 1823 et
733 1766 841 1822 Deum.
885 1761 1069 1822 Commoue-

306 1856 374 1903 runt
389 1843 488 1925 itaque
503 1845 630 1921 plebem,
647 1856 676 1903 et
690 1843 831 1916 seniores,
848 1855 877 1902 et
892 1842 1022 1903 scribas:
1038 1856 1067 1902 et

201 1952 203 1954 ·
305 1937 516 1986 concurrentes
530 1937 690 2003 rapuerunt
700 1946 778 1997 eum,
792 1937 821 1985 et
836 1925 1026 1983 adduxerunt
1035 1923 1066 1982 in

109 2036 128 2076 r.
140 2033 249 2084 sarran,
270 2033 278 2065 ι
284 2031 298 2077 3
310 2006 479 2079 concilium,
495 2004 498 2041 ¹
515 2018 544 2066 et
559 2018 723 2066 statuerunt
738 2018 827 2066 testes
842 2006 939 2076 falsos,
957 2004 1010 2081 qui
1024 2004 1065 2064 di-

189 2083 249 2127 ΞΜ·
307 2099 429 2147 cerent:
459 2090 565 2147 Homo
587 2087 643 2148 iste
666 2108 729 2148 non
753 2098 849 2146 cessat
871 2086 954 2162 loqui
973 2086 1067 2146 uerba

266 2195 296 2242 14
306 2171 449 2228 aduersus
463 2171 563 2228 locum
573 2181 709 2229 sanctum
725 2182 754 2228 et
763 2170 878 2245 legem:
893 2165 1066 2226 audiuimus

307 2248 387 2309 enim
409 2271 478 2309 eum
499 2249 658 2322 dicentem,
675 2248 818 2326 quoniam
839 2250 924 2309 Iesus
941 2249 1067 2307 Nazare-

306 2351 362 2390 nus
377 2330 426 2389 hic
442 2332 573 2390 destruet
587 2333 687 2390 locum
703 2330 800 2403 istum,
817 2343 847 2390 et
865 2327 994 2388 mutabit
1009 2342 1066 2389 tra-

267 2434 295 2484 15
307 2410 435 2470 ditiones
458 2432 533 2487 quas
554 2410 675 2471 tiadidit
696 2410 784 2471 nobis
804 2414 916 2470 Moses.
961 2412 1002 2469 Et
1025 2409 1067 2470 in-

306 2503 422 2550 tuentes
440 2512 509 2550 eum
524 2513 630 2552 omnes
647 2492 699 2569 qui
716 2493 861 2552 sedebant
875 2490 907 2550 in
923 2491 1064 2564 concilio,

306 2571 445 2631 uiderunt
460 2572 566 2633 faciem
581 2575 644 2633 eius
658 2585 811 2649 tamquam
827 2574 933 2632 faciem
948 2572 1057 2650 angeli.

273 2650 304 2720 ‘7¹
349 2652 431 2712 Dixit
446 2666 546 2713 autem
561 2653 699 2733 princeps
714 2655 921 2714 sacerdotum:
943 2652 975 2713 Si
991 2655 1066 2714 haec

112 2738 165 2778 Gen·
177 2739 248 2830 ¹}5an
284 2761 295 2794 2
307 2734 347 2794 ita
361 2754 393 2794 se
408 2735 542 2795 habent?
584 2734 646 2811 Qui
660 2734 717 2795 ait:

214 2806 247 2841 '⁷'
347 2815 411 2874 Uiri
426 2816 527 2875 iratres
542 2829 571 2876 et
591 2828 688 2893 patres
706 2815 825 2877 audite:
848 2817 933 2875 Deus
952 2814 1065 2893 gloriae

129 2938 226 2989 ¹Dei:
245 2940 348 2987 Domini
361 2938 415 2993 Sil:
496 2936 518 2969 ¹⁰
533 2943 600 2996 qui:
617 2954 669 3000 quo
680 2937 751 2986 CDG
832 2936 850 2969 ¹¹
869 2937 1001 2986 audiuisse
1013 2937 1064 2994 Sd?

96 3006 185 3055 0r÷in
198 3004 250 3061 Μ
327 3005 349 3036 ¹⁸
370 3003 485 3058 >salsos
496 3010 577 3052 testes
589 3002 641 3059 Μ
706 3006 756 3061 qui
768 3005 912 3052 dicarant:
928 3003 1004 3065 lapsu
1016 3005 1064 3050 im·

93 3071 234 3133 pressimus
248 3071 366 3118 dicentes
378 3071 404 3116 in
416 3068 531 3117 editionis
544 3074 640 3118 nostrae
652 3069 756 3117 maioris
771 3073 838 3117 textu
905 3066 927 3100 ¹⁶
944 3075 1064 3131 tanquam

95 3133 120 3192 5
221 3136 243 3184 7.
262 3135 270 3165 ¹
289 3133 450 3190 haberent}
543 3142 546 3148 '

558 3230 604 3271 204
