2250 3630
77 165 124 226 14.
141 165 262 225 22-15.
280 188 294 236 3
407 165 649 226 SECUNDUM
672 163 911 226 IOHANNEM

287 321 338 399 qui
347 319 442 399 diligit
454 341 511 381 me.
544 320 604 397 Qui
615 334 717 382 autem
726 320 823 400 diligit
834 343 891 396 me,
903 321 1042 401 diligetur
1058 319 1097 374 ¹-²-⁹

285 423 303 462 a
323 406 409 462 Patre
430 423 516 463 meo:
538 416 568 463 et
586 423 642 480 ego
661 402 783 479 diligam
803 423 880 478 eum,
901 416 931 465 et
950 405 1042 464 mani·
1072 397 1080 421 ¹

76 503 226 554 exaesam.
245 509 273 542 22
287 485 404 543 festabo
414 483 442 544 ei
454 503 502 543 me
517 486 624 559 ipsum.
667 482 751 544 Dicit
765 486 792 543 ei
805 487 905 557 Iudas,
918 506 981 546 non
993 485 1042 546 ille
1057 474 1097 576 {³3⁰

96 557 144 594 Μ·
155 554 184 594 ¹⁰·
195 568 226 602 ⁴¹·
286 564 439 624 Scariotis:
452 563 593 636 Domine,
604 564 677 640 quid
687 566 799 624 factum
809 578 862 638 est,
873 566 943 642 quia
952 567 1042 627 nobis

267 644 526 704 manifestaturus
545 664 577 704 es
596 656 626 705 te
646 645 752 723 ipsum,
773 657 804 704 et
822 665 884 704 non
904 650 1043 725 mundo?

87 743 156 783 2c01.
167 743 185 782 e.
197 745 226 784 1⁶.
243 751 273 797 23
286 725 456 803 Respondit
466 727 559 796 Iesus,
569 736 599 785 et
610 725 684 785 dixit
693 728 720 786 ei
732 749 739 784 t
760 728 791 785 Si
802 727 869 802 quis
878 726 972 802 diligit
983 747 1041 800 me,

88 809 97 834 ¹
109 794 156 834 ¹⁰¹¹·
163 792 184 882 ζ
193 808 225 892 {23
284 826 454 866 sermonem
469 826 570 866 meum
584 807 723 879 seruabit,
735 818 764 866 et
776 809 864 866 Pater
878 827 963 866 meus
978 807 1043 867 dili-

89 894 224 945 Apoc·3·²0·
282 898 332 964 get
345 905 424 961 eum,
441 898 471 947 et
486 888 526 946 ad
541 906 610 946 eum
627 889 791 958 ueniemus
808 900 838 946 et
853 887 1042 949 mansionem

242 992 273 1042 24
283 970 365 1045 apud
382 989 452 1028 eum
469 970 629 1027 faciemus:
650 966 702 1044 qui
722 987 784 1026 non
805 968 899 1045 diligit
915 990 971 1042 me,
985 990 1044 1031 ser-

282 1069 388 1109 mones
401 1069 483 1109 meos
498 1068 560 1108 non
575 1061 680 1108 seruat.
715 1050 754 1107 Et
766 1067 934 1110 sermonem
949 1069 1042 1127 quem
1057 1045 1093 1098 ¹—³-¹

282 1130 416 1204 audistis,
430 1149 493 1190 non
508 1141 553 1190 est
574 1149 667 1202 meus,
684 1131 738 1189 sed
752 1128 816 1190 eius
831 1129 882 1208 qui
897 1130 978 1191 misit
993 1153 1043 1193 me
1072 1120 1081 1145 ¹

284 1214 387 1271 Patris.

241 1317 271 1364 25
325 1294 412 1352 Haec
426 1295 543 1352 locutus
555 1311 621 1351 sum
636 1291 724 1352 uobis
738 1294 819 1370 apud
834 1312 889 1352 uos
905 1313 1040 1353 manens.
1059 1359 1094 1385 m

112 1395 141 1442 ιε,
151 1393 181 1434 rs.
193 1408 223 1444 13.
241 1383 272 1433 26
284 1374 452 1432 Paracletus
461 1372 701 1449 autem,Spiritus
709 1386 933 1450 sanctus‚quem
944 1376 1042 1434 mittet
1056 1373 1091 1462 ᾗ

97 1445 142 1534 ξιξ
153 1445 183 1536 lg·
194 1459 224 1535 {⁹³
284 1457 372 1513 Pater
383 1456 414 1512 in
429 1453 551 1513 nomine
567 1473 643 1526 mee,
656 1453 706 1514 ille
720 1475 775 1514 uos
790 1454 912 1515 docebit
927 1459 1040 1528 omnia,

105 1545 142 1585 Le·
154 1544 183 1585 1‘2.
195 1561 224 1594 12.
280 1545 310 1594 et
331 1546 466 1611 suggeret
483 1535 570 1594 uobis
586 1535 689 1595 omnia
709 1555 916 1613 quaecumque
937 1536 1044 1597 dixero

97 1595 183 1696 Efflflfssf
194 1610 224 1706 ζζ
242 1635 271 1689 27
283 1615 380 1676 uobis,
404 1619 512 1675 Pacem
524 1615 660 1693 relinquo
669 1616 764 1689 uobis,
776 1637 880 1695 pacem
891 1637 989 1677 meam
998 1619 1043 1678 do

131 1705 167 1746 hil·
176 1707 195 1746 4·
206 1721 224 1757 7·
282 1696 387 1757 uobis:
409 1717 468 1758 non
481 1699 637 1774 quomodo
648 1699 778 1757 mundus
792 1700 852 1770 dat,
864 1718 920 1775 ego
932 1700 974 1758 do
988 1719 1043 1758 uo

108 1756 154 1799 ω’
163 1755 183 1797 ³⁶
194 1772 224 1807 ¹⁵·
282 1777 337 1838 bis.
375 1781 447 1838 Non
463 1779 597 1838 turbetur
611 1799 664 1838 eor
677 1790 817 1850 uestrum,
828 1799 926 1855 neque
941 1780 1042 1839 formi-

139 1887 182 1923 2-4,
195 1873 224 1912 18.
241 1871 271 1918 28
283 1861 342 1919 det.
385 1861 520 1919 Audistis
535 1858 606 1934 quia
620 1879 675 1936 ego
690 1859 750 1920 dixi
765 1860 870 1919 uobis:
892 1862 993 1934 Uado,
1010 1873 1041 1922 et

283 1942 372 2002 uenio
380 1943 420 2000 ad
432 1961 495 2000 uos.
527 1940 557 2000 Si
568 1940 727 2017 diligeretis
738 1961 793 2013 me,
805 1941 974 2017 gauderetis
984 1943 1042 2002 uti-

282 2041 353 2098 que,-
365 2022 435 2099 quia
450 2024 530 2082 uado
547 2023 586 2082 ad
601 2025 731 2081 Patrem:
755 2020 825 2097 quia
840 2024 928 2081 Pater
945 2023 1043 2084 maior

86 2120 116 2162 13.
128 2121 195 2173 19‚1t.
205 2135 223 2170 4.
241 2127 271 2176 29
283 2123 331 2162 me
345 2117 397 2163 est.
442 2105 482 2163 Et
497 2123 577 2162 nunc
591 2100 651 2162 dixi
666 2101 753 2162 uobis
767 2101 848 2179 prius
862 2122 954 2178 quarn
968 2105 1040 2164 fiat:

73 2200 104 2241 1‘2.
114 2216 144 2252 31,
152 2200 182 2241 ra
193 2202 224 2252 3⁶.
240 2208 271 2255 30
282 2195 314 2242 ut
322 2204 390 2242 cum
401 2186 512 2243 lactum
524 2182 618 2255 fuerit,
629 2181 764 2242 credatis.
797 2186 862 2242 Iam
872 2203 934 2243 non
944 2187 1042 2245 multa

281 2266 385 2340 loquar
395 2264 553 2343 uobiscum
565 2285 572 2323 ε
593 2265 677 2323 uenit
690 2263 770 2323 enim
782 2264 919 2342 princeps
931 2265 1038 2326 mundi

151 2359 182 2400 17.
192 2374 222 2411 23.
239 2344 419 2417 31huius,et
433 2345 465 2404 in
480 2365 529 2405 me
543 2364 605 2404 non
620 2345 711 2404 habet
724 2344 895 2421 quicquam.
929 2347 990 2407 Sed
1004 2358 1040 2406 ut

280 2438 442 2502 cognoscat
451 2428 581 2486 mundus
592 2425 662 2502 quia
670 2425 763 2501 diligo
772 2428 906 2484 Patrem:
921 2440 952 2487 et
961 2427 1039 2487 sicut

279 2508 454 2566 mandatum
465 2506 548 2568 dedit
557 2506 629 2566 mihi
640 2509 736 2580 Pater,
744 2506 787 2566 sic
796 2506 881 2566 facio.
910 2507 1038 2586 surgite,

279 2607 382 2647 eamus
397 2587 476 2647 hinc.

236 2665 279 2729 15
321 2671 467 2745 Egolsum
482 2668 551 2728 uitis
566 2688 644 2742 uera,
659 2679 689 2728 et
704 2671 791 2728 Pater
805 2688 890 2728 meus
906 2670 1038 2747 agricola

256 2761 333 2809 nest.
376 2751 508 2810 Omnem
527 2749 680 2827 palmitem
697 2748 728 2808 in
748 2769 796 2808 me
810 2768 872 2807 non
891 2751 1038 2810 serentem

278 2832 416 2902 fructum,
436 2832 520 2890 tollet
538 2850 627 2892 eum:
648 2842 678 2890 et
695 2849 816 2889 omnem
836 2831 888 2906 qui
907 2831 964 2891 fert
982 2834 1037 2891 sru-

277 2922 367 2985 ctum,
389 2912 617 2988 purgabiteum,
637 2923 670 2970 ut
685 2913 812 2971 fructum
826 2912 893 2987 plus
912 2913 1035 2973 adserat.

256 2993 346 3064 3Iam
361 3012 417 3052 uos
428 2994 533 3052 mundi
543 2991 612 3053 estis
621 3003 741 3070 propter
750 3010 930 3067 sermonem,
946 3013 1039 3072 quem

229 3151 249 3183 ²²
267 3151 403 3201 Iscariotes
414 3152 467 3210 ,w
519 3161 546 3209 >
557 3152 683 3203 manifest.
696 3169 725 3203 es
737 3152 812 3202 nobis
823 3151 877 3208 Μ

531 3230 579 3280 260
