2250 3630
74 192 101 252 l.
118 193 216 250 21—2.
233 217 250 266 9
422 208 425 213 '
518 194 578 249 AD
599 191 793 251 GALATAS

280 359 343 408 tem
357 348 457 407 scribo
470 346 567 419 uobis,
583 366 655 407 ecce
674 366 776 405 coram
798 345 868 406 Deo
885 346 963 424 quia
981 367 1045 407 non

107 451 153 492 aa.
163 450 181 490 ι.
192 465 222 502 32
240 453 266 487 ιι
281 430 417 488 mentior.
448 429 570 487 Deinde
584 427 655 486 ueni
669 427 699 487 in
719 439 818 504 partes
831 426 937 504 Syriae
946 439 980 488 et
994 429 1044 489 Ci-

239 535 267 567 ιι
279 508 374 568 liciae.
401 511 491 567 Eram
502 519 604 567 autem
619 508 738 584 ignotus
752 509 829 568 facie
842 509 985 569 ecclesiis
997 511 1044 568 Iu·

239 614 268 662 ²3
277 591 371 650 dacae
385 608 464 666 quae
478 600 562 648 erant
582 588 613 647 in
632 588 770 650 Christo:
792 599 913 648 tantum
934 602 1041 650 autem

277 672 415 730 auditum
429 669 590 740 habebant,
608 672 761 745 Quoniam
773 667 826 744 qui
839 671 1045 746 persequeba-

279 763 327 810 tur
351 771 406 810 nos
430 750 602 826 aliquande,
630 769 713 808 nunc
734 748 926 826 euangelizat
947 751 1043 811 fidem

238 859 268 906 ²4
279 851 370 909 quam
390 831 553 906 aliquando
571 830 778 908 expugnabat:
798 843 830 890 et
844 828 876 888 in
893 850 946 890 me
960 832 1044 891 clari·

279 912 409 971 licebant
425 914 534 971 Deum.

72 1004 160 1045 Act-15.
172 1005 220 1051 roi
241 989 266 1052 2
316 992 436 1052 Deinde
453 1005 521 1069 post
543 1013 640 1051 annos
662 992 915 1068 quattuordecim,
932 997 1042 1054 iterum

278 1073 400 1134 ascendi
416 1073 659 1149 Hierosolymam
673 1093 744 1132 cuin
759 1073 909 1145 Barnaba,
921 1077 1044 1134 adsum·

256 1181 269 1214 ι
282 1168 314 1215 to
323 1168 353 1214 et
366 1154 446 1213 Tito.
490 1154 623 1214 Ascendi
637 1167 739 1212 autem
749 1156 921 1213 secundum
931 1159 1044 1215 reuela-

278 1236 401 1307 tionem,
418 1248 448 1295 et
461 1235 576 1295 contuli
589 1256 659 1294 cum
675 1234 732 1293 illis
746 1235 943 1310 euangelium
958 1239 1042 1313 quod

278 1317 420 1394 praedico
439 1316 471 1375 in
491 1317 639 1393 gentibus,
656 1336 790 1375 seorsum
805 1327 912 1375 autem
927 1317 977 1376 his
991 1317 1042 1395 qui

279 1398 468 1469 uidebantur,
484 1417 523 1457 ne
534 1399 609 1457 forte
620 1399 651 1455 in
666 1417 796 1456 uacuum
811 1416 977 1470 currerem,
992 1411 1042 1458 aut

106 1498 221 1548 ιςιιις,
257 1482 485 1550 3cucurrissem.
527 1480 588 1537 Sed
607 1497 707 1554 neque
728 1479 825 1548 Titus,
843 1480 899 1554 qui
920 1499 1042 1539 mecum

280 1573 350 1629 erat,
363 1580 432 1618 cum
447 1570 525 1617 esset
538 1558 665 1635 gentilis,
676 1561 850 1634 compulsus
859 1561 1043 1619 oetcircum-

94 1662 142 1700 aa
151 1659 182 1700 is.
192 1674 223 1707 ιι
258 1640 360 1714 4cidi:
375 1642 429 1700 sed
441 1651 561 1715 propter
569 1639 814 1698 subintroductos
823 1641 919 1699 falsos
927 1643 1040 1712 trauca

280 1721 332 1798 qui
354 1719 589 1780 subintroierunt
609 1721 763 1796 explorare
786 1719 963 1781 libertatem
992 1742 1042 1781 no

280 1816 371 1862 stram
380 1822 470 1878 quam
482 1802 629 1859 habemus
639 1801 669 1859 in
679 1800 800 1862 Christo
810 1803 892 1872 Icsu,
897 1815 936 1862 ut
944 1823 1002 1863 nos
1011 1806 1041 1861 in

258 1886 454 1957 5seruitutem
474 1881 659 1958 redigerent:
680 1881 791 1957 quibus
809 1901 915 1958 neque
931 1886 975 1944 ad
992 1886 1042 1943 ho

280 1986 343 2024 ram
357 1963 500 2024 cessimus
514 1962 702 2033 subiectioni‚
718 1973 752 2020 ut
766 1961 877 2022 ueritas
1024 1964 1040 1974 ''

256 2058 453 2122 opemlanfflt
480 2044 563 2120 apud
590 2064 655 2103 uos.
711 2044 763 2103 Ab
787 2042 834 2101 his
858 2057 968 2105 autem
991 2044 1041 2122 qui

280 2127 460 2186 uidebantur
487 2145 554 2184 esse
576 2123 708 2201 aliquid:
743 2126 848 2200 qualos
874 2125 1041 2204 aliquando

281 2207 397 2276 luerint,
420 2206 495 2264 nihil
517 2225 585 2264 mea
601 2205 741 2264 interest:
771 2207 858 2264 Deus
878 2225 1040 2282 personam

279 2286 477 2346 hominisuon
485 2298 607 2362 accipit
618 2285 778 2345 mihieuim'
786 2305 840 2362 qui
831 2285 1040 2359 uidebantur,

107 2388 173 2428 ια.
165 2386 204 2426 ⁰
258 2367 356 2440 ·nihil
375 2370 574 2426 contulemnt
616 2368 678 2426 Sed
696 2386 715 2425 c
733 2380 840 2426 contra
857 2387 934 2427 cum
954 2368 1041 2429 uidio

152 2466 184 2476 “
195 2452 225 2477 ²¹·
283 2460 349 2509 sciit
363 2448 446 2539 quod
456 2447 603 2507 creditum
614 2458 659 2505 cst
668 2446 742 2504 mihi
736 2448 950 2542 euangelium
963 2468 1041 2540 prae

259 2531 366 2606 sputii,
389 2530 466 2587 sicut
492 2531 582 2587 Petro
601 2527 859 2587 circumcisionis.
880 2529 939 2606 qui
963 2528 1041 2590 enim

281 2622 421 2701 operatus
431 2622 476 2668 est
488 2607 596 2668 Petro
588 2629 620 2666 in
629 2608 1041 2684 apostolatumcircumcisio

260 2691 342 2765 9uis,
353 2703 493 2780 operatus
507 2706 553 2748 est
563 2688 699 2748 etmihi
690 2704 767 2748 iuter
779 2701 906 2765 gentes·
927 2704 961 2751 ct
972 2710 1039 2750 cum

283 2770 495 2848 oegnouissent
516 2769 639 2846 gratiam
653 2789 733 2844 quae
748 2771 820 2829 data
833 2783 883 2830 cst
895 2771 984 2844 mihi,
999 2774 1040 2832 1·-

283 2854 386 2922 iobus,
398 2866 429 2910 et
440 2852 569 2927 Cepbas¹
581 2862 612 2909 et
622 2852 783 2921 Iohannes,
793 2849 849 2926 qui
859 2851 1040 2913 uidebantur

149 3038 207 3095 ijs
219 3037 271 3088 ξιξ
319 3038 517 3083 uidebantur
526 3033 622 3093 aliquid
633 3047 693 3078 exse
705 3030 757 3084 ξί
821 3030 1039 3085 ‘suhioeiionec

73 3040 171 3162 *ἐκ
146 3102 198 3155 ξιξ
264 3105 491 3148 uidemini-m
501 3095 755 3156 eaeefflquidst
842 3096 1038 3150 ‘amm

74 3168 148 3215 mii
160 3167 229 3221 ξεί
246 3164 486 3213 eoenrnrioinf
535 3168 634 3211 sicut
642 3160 733 3215 cti(

532 3253 584 3305 450
