2250 3630
104 166 130 225 1.
149 166 280 236 rar-23
443 165 582 226 ACTUS
603 163 925 225 APOSTOLORUM

270 331 301 378 18
311 330 374 378 tem
384 317 540 379 ministerii
549 317 647 378 huius.
691 320 732 378 Et
739 319 790 377 hic
800 317 922 395 quidem
934 321 1069 396 possedit

309 420 414 476 agrum
436 403 476 460 de
497 401 635 459 mercede
658 397 830 476 iniquitatis,
855 412 885 459 et
907 421 1069 476 suspensus

311 480 425 556 crepuit
440 482 576 540 medius:
597 492 628 540 et
638 479 746 539 diffusa
756 493 826 540 sunt
837 482 939 539 omnia
953 481 1070 541 uiscera

103 582 145 621 sn.
154 579 186 620 ar.
197 595 255 630 3-10.
271 586 301 636 19
312 560 385 620 eius.
428 563 468 620 Et
483 572 589 620 notum
599 562 713 620 lactum
726 572 771 620 est
782 561 923 620 omnibus
933 561 1070 621 habitan-

311 641 391 701 tibus
407 643 606 712 Hierusalem,
622 640 664 700 ita
678 654 712 700 ut
721 643 919 718 appellaretur
928 662 998 718 ager
1008 643 1068 716 ille,

311 722 412 798 lingua
422 742 535 793 eorum,
548 723 783 794 Acheldemach,
788 723 848 782 hoc
859 735 912 795 est,
923 743 994 799 ager
1004 744 1070 783 san-

142 825 255 866 tarem
273 801 419 880 zoguinis.
443 802 592 879 Scriptum
600 816 646 863 est
655 802 862 864 eniminlibro
871 805 1070 865 Psalmorum:

145 876 255 972 ,Qffgg
394 883 461 944 Fiat
475 883 673 944 commoratio
687 904 792 946 eomm
806 887 933 957 deserta,

128 975 213 1017 roan.
224 990 256 1016 12·
434 978 465 1026 et
478 985 542 1024 non
556 963 592 1024 sit
607 963 659 1042 qui
673 965 788 1025 habitet
801 965 833 1025 in
847 986 902 1026 ea:

312 1059 342 1107 et

395 1129 602 1204 episcopatum
617 1128 681 1187 eius
695 1128 822 1205 accipiat
836 1127 920 1187 alius.

128 1235 174 1275 101,
184 1234 215 1274 15⁸
225 1248 256 1281 27,
273 1234 299 1267 21
313 1211 442 1286 Oportet
456 1229 527 1285 ergo
540 1228 576 1267 ex
596 1209 642 1268 his
662 1207 739 1281 uiris,
755 1207 807 1284 qui
825 1207 985 1267 nobiscum
999 1228 1070 1268 con·

312 1289 423 1367 gregati
438 1301 508 1349 sunt
524 1288 557 1347 in
570 1288 655 1348 omni
673 1300 808 1365 tempore
823 1309 885 1365 quo
904 1288 1026 1348 intrauit
1040 1302 1070 1349 et

272 1397 300 1429 22
313 1370 405 1430 exiuit
423 1369 500 1429 inter
522 1390 578 1429 nos
596 1369 746 1430 Dominus
764 1371 857 1441 Iesus
879 1368 1027 1447 incipiens
1052 1390 1070 1431 a

310 1453 490 1528 baptismate
509 1450 654 1510 Iohannis
673 1470 767 1527 usque
792 1452 822 1509 in
842 1449 922 1510 diem
945 1470 1005 1526 qua
1018 1454 1070 1511 ad·

311 1546 427 1593 sumtus
441 1544 486 1591 est
500 1552 518 1591 a
532 1531 628 1603 nobis,
644 1544 751 1591 testem
765 1531 988 1591 resurrectionis
1005 1532 1069 1591 eius

272 1641 302 1687 ²3
313 1613 472 1673 nobiscum
487 1613 550 1672 fieri
564 1632 658 1672 unum
675 1631 712 1672 ex
729 1611 800 1672 istis
845 1615 884 1671 Et
901 1624 1069 1672 statuerunt

309 1697 394 1768 duoS,
420 1696 532 1772 Ioseph
554 1693 606 1770 qui
627 1693 791 1754 uocabatur
814 1693 992 1765 Barsabbas,
1016 1695 1069 1775 qui

134 1800 182 1839 Act.
193 1797 224 1839 15.
234 1802 253 1840 a
271 1802 301 1849 ²4
311 1775 540 1853 cognominatus
562 1785 607 1834 est
626 1777 735 1847 Iustus,
760 1787 791 1834 et
814 1774 985 1853 Matthiam.
1030 1777 1070 1834 Et

311 1869 430 1916 orantes
441 1858 578 1917 dixerunt
591 1881 598 1917 ι
612 1859 662 1916 Tu
674 1855 814 1927 Domine,
825 1857 876 1931 qui
887 1856 979 1914 corda
988 1854 1069 1914 nosti

311 1937 456 2011 omnium,
475 1938 603 1997 ostende
622 1957 714 2014 quem
732 1935 854 2012 elegeris
873 1956 910 1995 ex
929 1936 976 1995 his
995 1937 1069 1996 duo·

272 2045 283 2076 2
287 2044 300 2091 5
313 2018 368 2078 bus
383 2039 485 2091 unum,
501 2018 637 2093 accipere
650 2020 751 2077 locum
766 2015 921 2077 ministerii
934 2017 1025 2077 huius
1039 2030 1070 2077 et

311 2102 504 2176 apostolatus,
528 2101 567 2159 de
590 2118 651 2175 quo
669 2100 887 2175 praeuaricatus
907 2108 952 2156 est
975 2100 1069 2158 Iudas

271 2191 301 2239 26
312 2191 345 2239 ut
358 2179 453 2240 abiret
467 2179 498 2238 in
512 2182 613 2239 locum
628 2199 723 2238 suurn.
767 2182 807 2239 Et
815 2181 963 2238 dedemnt
975 2191 1069 2240 sortes

311 2259 363 2333 eis,
379 2273 408 2320 et
428 2260 536 2320 cecidit
556 2280 619 2320 sors
636 2280 725 2337 super
742 2259 911 2332 Matthiam,
927 2271 957 2318 et
975 2263 1069 2320 adnu-

313 2352 443 2400 meratus
457 2355 502 2401 est
516 2360 586 2400 cum
601 2340 743 2401 undecim
758 2339 920 2416 Apostolis.

130 2439 170 2478 ux.
182 2437 254 2486 221⁶,
269 2419 293 2482 2
342 2425 382 2481 Et
391 2442 459 2481 curn
470 2420 765 2499 complerenturdies
777 2425 978 2493 Pentecostes,
985 2433 1068 2480 erant

180 2488 213 2557 .³⁴·
224 2503 254 2528 ²²·
291 2523 418 2564 aomnes
436 2503 545 2582 pariter
558 2501 590 2560 in
604 2504 712 2562 eodem
727 2504 802 2562 loco.
848 2504 887 2560 Et
906 2503 1003 2561 sactus
1025 2513 1069 2561 est

104 2539 171 2628 Nihil
180 2537 212 2627 ἐξ
222 2553 254 2628 iii
312 2596 434 2661 repente
449 2587 488 2645 de
501 2586 586 2645 caelo
601 2604 700 2658 sonus,
713 2595 865 2660 tamquam
879 2581 1069 2642 aduenientis

136 2654 183 2692 ‘³⁰¹'
193 2652 212 2690 ⁴·
223 2666 254 2701 ³¹·
313 2665 432 2742 spiritus
446 2664 644 2739 uehementis,
655 2677 684 2725 et
698 2663 822 2741 repleuit
834 2674 926 2722 totam
942 2664 1069 2722 domum

291 2746 368 2818 3ubi
383 2760 466 2807 erant
481 2747 629 2805 sedentes.
673 2748 712 2804 Et
725 2755 924 2821 apparuerunt
940 2743 997 2804 illis
1013 2744 1068 2804 dis·

313 2827 436 2904 pertitae
445 2826 563 2904 linguae
575 2838 727 2902 tamquam
736 2824 819 2902 ignis,
832 2827 970 2902 seditque
982 2845 1069 2904 supra

137 2951 158 2981 ¹⁹
176 2950 335 2998 Haceldama
348 2949 382 3006 lt,
398 2946 612 3002 Hacheldemaz
689 2946 710 2977 ²⁰
726 2950 925 2996 commoratio:
944 2947 1068 2995 habitatio

104 3016 153 3062 AV
206 3016 331 3062 inhabitet
343 3013 395 3068 Μ
458 3017 549 3062 alius:
566 3013 630 3060 alter
642 3012 694 3067 Μ
772 3012 792 3044 ²1
812 3019 907 3069 >sunt
920 3011 1067 3073 congregati

105 3079 157 3134 Μ
234 3079 255 3110 ²³
273 3079 464 3134 Barsabasztst
530 3078 652 3126 Mathiam
665 3076 805 3137 metam
881 3074 902 3107 ²⁴
920 3076 1024 3140 disting.
1038 3091 1068 3124 ex

104 3146 145 3193 his
157 3145 263 3202 duobus,
278 3161 355 3192 vnum
367 3145 483 3208 accipere
495 3142 519 3200 S
587 3145 610 3192 2.
630 3143 639 3174 1
657 3157 738 3192 cum:
756 3144 815 3190 dum
828 3140 852 3197 ᾖ

565 3223 612 3268 280
