<?xml version="1.0" encoding="UTF-8"?>
<!DOCTYPE html PUBLIC "-//W3C//DTD XHTML 1.0 Transitional//EN"
    "http://www.w3.org/TR/xhtml1/DTD/xhtml1-transitional.dtd">
<html xmlns="http://www.w3.org/1999/xhtml" xml:lang="en" lang="en">
 <head>
  <title>
</title>
<meta http-equiv="Content-Type" content="text/html;charset=utf-8" />
  <meta name='ocr-system' content='tesseract 3.04.00' />
  <meta name='ocr-capabilities' content='ocr_page ocr_carea ocr_par ocr_line ocrx_word'/>
</head>
<body>
  <div class='ocr_page' id='page_1' title='image "./nouumtestamentu00goog_0045.png"; bbox 0 0 2250 3630; ppageno 0'>
   <div class='ocr_carea' id='block_1_1' title="bbox 220 173 1070 246">
    <p class='ocr_par' dir='ltr' id='par_1_1' title="bbox 220 173 1070 246">
     <span class='ocr_line' id='line_1_1' title="bbox 220 173 1070 246; baseline 0.001 -12"><span class='ocrx_word' id='word_1_1' title='bbox 220 173 462 236; x_wconf 84' lang='lat' dir='ltr'><strong>SECUNDUM</strong></span> <span class='ocrx_word' id='word_1_2' title='bbox 485 174 740 236; x_wconf 89' lang='lat' dir='ltr'>MATTHEUM</span> <span class='ocrx_word' id='word_1_3' title='bbox 869 211 872 217; x_wconf 92' lang='lat'><strong>·</strong></span> <span class='ocrx_word' id='word_1_4' title='bbox 903 210 905 215; x_wconf 95' lang='lat'>·</span> <span class='ocrx_word' id='word_1_5' title='bbox 932 175 963 234; x_wconf 84' lang='grc'>9.</span> <span class='ocrx_word' id='word_1_6' title='bbox 988 185 1070 246; x_wconf 75' lang='lat'>¹8-33</span> 
     </span>
    </p>
   </div>
   <div class='ocr_carea' id='block_1_2' title="bbox 65 326 1070 2909">
    <p class='ocr_par' dir='ltr' id='par_1_2' title="bbox 65 326 1070 2745">
     <span class='ocr_line' id='line_1_2' title="bbox 66 326 1025 409; baseline -0.001 -19"><span class='ocrx_word' id='word_1_7' title='bbox 66 326 108 379; x_wconf 90' lang='lat'><strong>⁷-⁴-</strong></span> <span class='ocrx_word' id='word_1_8' title='bbox 150 333 237 391; x_wconf 88' lang='lat' dir='ltr'>Haec</span> <span class='ocrx_word' id='word_1_9' title='bbox 256 331 308 391; x_wconf 91' lang='lat' dir='ltr'>illo</span> <span class='ocrx_word' id='word_1_10' title='bbox 328 333 471 409; x_wconf 85' lang='lat' dir='ltr'><strong>loquente</strong></span> <span class='ocrx_word' id='word_1_11' title='bbox 491 334 531 392; x_wconf 92' lang='lat' dir='ltr'>ad</span> <span class='ocrx_word' id='word_1_12' title='bbox 552 351 613 403; x_wconf 90' lang='lat' dir='ltr'>eos,</span> <span class='ocrx_word' id='word_1_13' title='bbox 630 351 702 391; x_wconf 90' lang='lat' dir='ltr'>ecce</span> <span class='ocrx_word' id='word_1_14' title='bbox 718 332 857 408; x_wconf 88' lang='lat' dir='ltr'>princeps</span> <span class='ocrx_word' id='word_1_15' title='bbox 873 343 900 390; x_wconf 83' lang='lat'>18</span> <span class='ocrx_word' id='word_1_16' title='bbox 961 347 1025 389; x_wconf 72' lang='lat' dir='ltr'>rear</span> 
     </span>
     <span class='ocr_line' id='line_1_3' title="bbox 72 397 1070 500; baseline 0.001 -29"><span class='ocrx_word' id='word_1_17' title='bbox 72 399 85 426; x_wconf 81' lang='lat'>²</span> <span class='ocrx_word' id='word_1_18' title='bbox 107 432 186 472; x_wconf 90' lang='lat' dir='ltr'>unus</span> <span class='ocrx_word' id='word_1_19' title='bbox 204 412 328 473; x_wconf 84' lang='lat' dir='ltr'>accessit</span> <span class='ocrx_word' id='word_1_20' title='bbox 347 425 377 472; x_wconf 91' lang='lat' dir='ltr'>et</span> <span class='ocrx_word' id='word_1_21' title='bbox 395 413 539 473; x_wconf 82' lang='lat' dir='ltr'>adorabat</span> <span class='ocrx_word' id='word_1_22' title='bbox 553 433 623 473; x_wconf 90' lang='lat' dir='ltr'>eum</span> <span class='ocrx_word' id='word_1_23' title='bbox 637 411 762 472; x_wconf 93' lang='lat' dir='ltr'>dicens:</span> <span class='ocrx_word' id='word_1_24' title='bbox 784 414 859 472; x_wconf 83' lang='lat' dir='ltr'>Filia</span> <span class='ocrx_word' id='word_1_25' title='bbox 916 397 1070 500; x_wconf 42' lang='lat' dir='ltr'>&amp;3422ss</span> 
     </span>
     <span class='ocr_line' id='line_1_4' title="bbox 105 493 860 570; baseline 0.003 -18"><span class='ocrx_word' id='word_1_26' title='bbox 105 513 175 553; x_wconf 84' lang='lat' dir='ltr'>mea</span> <span class='ocrx_word' id='word_1_27' title='bbox 190 495 283 555; x_wconf 90' lang='lat' dir='ltr'>modo</span> <span class='ocrx_word' id='word_1_28' title='bbox 293 495 435 554; x_wconf 83' lang='lat' dir='ltr'>defuncta</span> <span class='ocrx_word' id='word_1_29' title='bbox 446 505 509 553; x_wconf 89' lang='lat' dir='ltr'>est:</span> <span class='ocrx_word' id='word_1_30' title='bbox 531 495 583 554; x_wconf 90' lang='lat' dir='ltr'>sed</span> <span class='ocrx_word' id='word_1_31' title='bbox 595 493 665 554; x_wconf 92' lang='lat' dir='ltr'>ueni</span> <span class='ocrx_word' id='word_1_32' title='bbox 676 495 788 570; x_wconf 89' lang='lat' dir='ltr'>inpone</span> <span class='ocrx_word' id='word_1_33' title='bbox 799 514 860 554; x_wconf 88' lang='lat' dir='ltr'>ma-</span> 
     </span>
     <span class='ocr_line' id='line_1_5' title="bbox 105 574 902 651; baseline 0.001 -17"><span class='ocrx_word' id='word_1_34' title='bbox 105 594 181 634; x_wconf 90' lang='lat' dir='ltr'>num</span> <span class='ocrx_word' id='word_1_35' title='bbox 196 594 373 651; x_wconf 83' lang='lat' dir='ltr'>supeream,</span> <span class='ocrx_word' id='word_1_36' title='bbox 391 586 424 634; x_wconf 87' lang='lat' dir='ltr'>et</span> <span class='ocrx_word' id='word_1_37' title='bbox 442 574 533 634; x_wconf 87' lang='lat' dir='ltr'>uiuet.</span> <span class='ocrx_word' id='word_1_38' title='bbox 579 577 618 634; x_wconf 91' lang='lat' dir='ltr'>Et</span> <span class='ocrx_word' id='word_1_39' title='bbox 631 594 755 650; x_wconf 84' lang='lat' dir='ltr'>surgens</span> <span class='ocrx_word' id='word_1_40' title='bbox 774 576 860 635; x_wconf 91' lang='lat' dir='ltr'>Iesus</span> <span class='ocrx_word' id='word_1_41' title='bbox 872 600 902 651; x_wconf 87' lang='lat'>19</span> 
     </span>
     <span class='ocr_line' id='line_1_6' title="bbox 106 654 903 733; baseline 0 -19"><span class='ocrx_word' id='word_1_42' title='bbox 106 655 288 731; x_wconf 86' lang='lat' dir='ltr'>sequebatur</span> <span class='ocrx_word' id='word_1_43' title='bbox 309 675 379 715; x_wconf 92' lang='lat' dir='ltr'>eum</span> <span class='ocrx_word' id='word_1_44' title='bbox 401 665 432 715; x_wconf 94' lang='lat' dir='ltr'>et</span> <span class='ocrx_word' id='word_1_45' title='bbox 455 654 592 733; x_wconf 88' lang='lat' dir='ltr'>discipuli</span> <span class='ocrx_word' id='word_1_46' title='bbox 614 656 686 716; x_wconf 89' lang='lat' dir='ltr'>eius.</span> <span class='ocrx_word' id='word_1_47' title='bbox 731 658 771 715; x_wconf 88' lang='lat' dir='ltr'>Et</span> <span class='ocrx_word' id='word_1_48' title='bbox 789 675 860 717; x_wconf 91' lang='lat' dir='ltr'>ecce</span> <span class='ocrx_word' id='word_1_49' title='bbox 871 681 903 715; x_wconf 87' lang='lat'>20</span> 
     </span>
     <span class='ocr_line' id='line_1_7' title="bbox 106 735 862 813; baseline 0.003 -19"><span class='ocrx_word' id='word_1_50' title='bbox 106 735 223 806; x_wconf 87' lang='lat' dir='ltr'>mulier,</span> <span class='ocrx_word' id='word_1_51' title='bbox 238 755 316 812; x_wconf 87' lang='lat' dir='ltr'>quae</span> <span class='ocrx_word' id='word_1_52' title='bbox 327 736 479 813; x_wconf 86' lang='lat' dir='ltr'><strong>sanguinis</strong></span> <span class='ocrx_word' id='word_1_53' title='bbox 493 739 604 795; x_wconf 87' lang='lat' dir='ltr'>fluxum</span> <span class='ocrx_word' id='word_1_54' title='bbox 611 736 778 813; x_wconf 79' lang='lat' dir='ltr'>petiebatur</span> <span class='ocrx_word' id='word_1_55' title='bbox 789 738 862 796; x_wconf 92' lang='lat' dir='ltr'>duo-</span> 
     </span>
     <span class='ocr_line' id='line_1_8' title="bbox 105 814 862 894; baseline 0.001 -19"><span class='ocrx_word' id='word_1_56' title='bbox 105 814 207 875; x_wconf 88' lang='lat' dir='ltr'>decim</span> <span class='ocrx_word' id='word_1_57' title='bbox 221 815 316 888; x_wconf 85' lang='lat' dir='ltr'>annis,</span> <span class='ocrx_word' id='word_1_58' title='bbox 330 819 456 877; x_wconf 89' lang='lat' dir='ltr'>accessit</span> <span class='ocrx_word' id='word_1_59' title='bbox 471 828 548 877; x_wconf 88' lang='lat' dir='ltr'>retro</span> <span class='ocrx_word' id='word_1_60' title='bbox 563 828 594 876; x_wconf 93' lang='lat' dir='ltr'>et</span> <span class='ocrx_word' id='word_1_61' title='bbox 608 817 703 894; x_wconf 88' lang='lat' dir='ltr'>tetigit</span> <span class='ocrx_word' id='word_1_62' title='bbox 715 817 862 877; x_wconf 85' lang='lat' dir='ltr'>fimbriam</span> 
     </span>
     <span class='ocr_line' id='line_1_9' title="bbox 105 894 899 957; baseline 0 -1"><span class='ocrx_word' id='word_1_63' title='bbox 105 894 279 956; x_wconf 89' lang='lat' dir='ltr'>uestimenti</span> <span class='ocrx_word' id='word_1_64' title='bbox 295 899 376 956; x_wconf 90' lang='lat' dir='ltr'>eius:</span> <span class='ocrx_word' id='word_1_65' title='bbox 392 899 395 930; x_wconf 80' lang='lat'><strong>¹</strong></span> <span class='ocrx_word' id='word_1_66' title='bbox 412 897 532 957; x_wconf 87' lang='lat' dir='ltr'>dicebat</span> <span class='ocrx_word' id='word_1_67' title='bbox 553 897 633 956; x_wconf 86' lang='lat' dir='ltr'>enim</span> <span class='ocrx_word' id='word_1_68' title='bbox 656 897 733 957; x_wconf 89' lang='lat' dir='ltr'>intra</span> <span class='ocrx_word' id='word_1_69' title='bbox 754 917 805 957; x_wconf 88' lang='lat' dir='ltr'>se:</span> <span class='ocrx_word' id='word_1_70' title='bbox 828 897 858 957; x_wconf 93' lang='lat' dir='ltr'>Si</span> <span class='ocrx_word' id='word_1_71' title='bbox 871 922 899 956; x_wconf 86' lang='lat'>21</span> 
     </span>
     <span class='ocr_line' id='line_1_10' title="bbox 104 975 860 1051; baseline 0.001 -15"><span class='ocrx_word' id='word_1_72' title='bbox 104 975 232 1051; x_wconf 87' lang='lat' dir='ltr'>tetigero</span> <span class='ocrx_word' id='word_1_73' title='bbox 251 988 367 1036; x_wconf 90' lang='lat' dir='ltr'>tanturn</span> <span class='ocrx_word' id='word_1_74' title='bbox 388 978 600 1037; x_wconf 87' lang='lat' dir='ltr'>uestimentum</span> <span class='ocrx_word' id='word_1_75' title='bbox 616 978 687 1049; x_wconf 90' lang='lat' dir='ltr'>eius,</span> <span class='ocrx_word' id='word_1_76' title='bbox 704 981 785 1038; x_wconf 87' lang='lat' dir='ltr'>salua</span> <span class='ocrx_word' id='word_1_77' title='bbox 800 998 860 1038; x_wconf 90' lang='lat' dir='ltr'>ero.</span> 
     </span>
     <span class='ocr_line' id='line_1_11' title="bbox 105 1057 891 1127; baseline 0.001 -11"><span class='ocrx_word' id='word_1_78' title='bbox 105 1060 148 1116; x_wconf 87' lang='lat' dir='ltr'>At</span> <span class='ocrx_word' id='word_1_79' title='bbox 160 1057 246 1115; x_wconf 92' lang='lat' dir='ltr'>Iesus</span> <span class='ocrx_word' id='word_1_80' title='bbox 257 1077 419 1117; x_wconf 90' lang='lat' dir='ltr'>conuersus</span> <span class='ocrx_word' id='word_1_81' title='bbox 431 1071 460 1118; x_wconf 91' lang='lat' dir='ltr'>et</span> <span class='ocrx_word' id='word_1_82' title='bbox 472 1058 578 1118; x_wconf 90' lang='lat' dir='ltr'>uidens</span> <span class='ocrx_word' id='word_1_83' title='bbox 590 1077 655 1117; x_wconf 86' lang='lat' dir='ltr'>eam</span> <span class='ocrx_word' id='word_1_84' title='bbox 668 1058 761 1127; x_wconf 81' lang='lat' dir='ltr'>dixit:</span> <span class='ocrx_word' id='word_1_85' title='bbox 779 1060 858 1120; x_wconf 89' lang='lat' dir='ltr'>Con·</span> <span class='ocrx_word' id='word_1_86' title='bbox 868 1083 891 1117; x_wconf 80' lang='lat'>2:</span> 
     </span>
     <span class='ocr_line' id='line_1_12' title="bbox 106 1138 861 1209; baseline 0.004 -14"><span class='ocrx_word' id='word_1_87' title='bbox 106 1138 168 1196; x_wconf 85' lang='lat' dir='ltr'>fide</span> <span class='ocrx_word' id='word_1_88' title='bbox 178 1138 246 1205; x_wconf 87' lang='lat' dir='ltr'>filia,</span> <span class='ocrx_word' id='word_1_89' title='bbox 260 1139 335 1198; x_wconf 87' lang='lat' dir='ltr'>fides</span> <span class='ocrx_word' id='word_1_90' title='bbox 352 1151 404 1198; x_wconf 85' lang='lat' dir='ltr'>tua</span> <span class='ocrx_word' id='word_1_91' title='bbox 425 1151 455 1198; x_wconf 89' lang='lat' dir='ltr'>te</span> <span class='ocrx_word' id='word_1_92' title='bbox 474 1142 587 1198; x_wconf 89' lang='lat' dir='ltr'>saluam</span> <span class='ocrx_word' id='word_1_93' title='bbox 600 1138 680 1209; x_wconf 84' lang='lat' dir='ltr'>fecit.</span> <span class='ocrx_word' id='word_1_94' title='bbox 725 1141 764 1198; x_wconf 90' lang='lat' dir='ltr'>Et</span> <span class='ocrx_word' id='word_1_95' title='bbox 778 1140 861 1199; x_wconf 88' lang='lat' dir='ltr'>salua</span> 
     </span>
     <span class='ocr_line' id='line_1_13' title="bbox 106 1219 901 1292; baseline 0.003 -16"><span class='ocrx_word' id='word_1_96' title='bbox 106 1219 186 1277; x_wconf 86' lang='lat' dir='ltr'>facta</span> <span class='ocrx_word' id='word_1_97' title='bbox 196 1228 242 1277; x_wconf 89' lang='lat' dir='ltr'>est</span> <span class='ocrx_word' id='word_1_98' title='bbox 254 1220 359 1278; x_wconf 90' lang='lat' dir='ltr'>mulier</span> <span class='ocrx_word' id='word_1_99' title='bbox 368 1239 403 1279; x_wconf 88' lang='lat' dir='ltr'>ex</span> <span class='ocrx_word' id='word_1_100' title='bbox 415 1219 464 1278; x_wconf 90' lang='lat' dir='ltr'>illa</span> <span class='ocrx_word' id='word_1_101' title='bbox 475 1221 556 1279; x_wconf 78' lang='lat' dir='ltr'>hora</span> <span class='ocrx_word' id='word_1_102' title='bbox 598 1222 636 1279; x_wconf 90' lang='lat' dir='ltr'>Et</span> <span class='ocrx_word' id='word_1_103' title='bbox 648 1240 717 1278; x_wconf 94' lang='lat' dir='ltr'>cum</span> <span class='ocrx_word' id='word_1_104' title='bbox 730 1219 860 1280; x_wconf 90' lang='lat' dir='ltr'>uenisset</span> <span class='ocrx_word' id='word_1_105' title='bbox 871 1245 901 1292; x_wconf 81' lang='lat'>23</span> 
     </span>
     <span class='ocr_line' id='line_1_14' title="bbox 106 1298 984 1378; baseline 0.002 -20"><span class='ocrx_word' id='word_1_106' title='bbox 106 1301 194 1358; x_wconf 91' lang='lat' dir='ltr'>Iesus</span> <span class='ocrx_word' id='word_1_107' title='bbox 206 1298 235 1358; x_wconf 93' lang='lat' dir='ltr'>in</span> <span class='ocrx_word' id='word_1_108' title='bbox 248 1302 372 1360; x_wconf 90' lang='lat' dir='ltr'>domum</span> <span class='ocrx_word' id='word_1_109' title='bbox 385 1299 535 1378; x_wconf 88' lang='lat' dir='ltr'>principis,</span> <span class='ocrx_word' id='word_1_110' title='bbox 548 1312 577 1360; x_wconf 91' lang='lat' dir='ltr'>et</span> <span class='ocrx_word' id='word_1_111' title='bbox 588 1300 712 1360; x_wconf 90' lang='lat' dir='ltr'>uidisset</span> <span class='ocrx_word' id='word_1_112' title='bbox 724 1299 861 1360; x_wconf 87' lang='lat' dir='ltr'>tibicines</span> <span class='ocrx_word' id='word_1_113' title='bbox 983 1306 984 1310; x_wconf 74' lang='grc'>’</span> 
     </span>
     <span class='ocr_line' id='line_1_15' title="bbox 103 1380 902 1456; baseline 0.001 -17"><span class='ocrx_word' id='word_1_114' title='bbox 103 1393 138 1439; x_wconf 85' lang='lat' dir='ltr'>et</span> <span class='ocrx_word' id='word_1_115' title='bbox 148 1380 267 1440; x_wconf 87' lang='lat' dir='ltr'>turbam</span> <span class='ocrx_word' id='word_1_116' title='bbox 279 1382 519 1452; x_wconf 86' lang='lat' dir='ltr'>tumultuantem,</span> <span class='ocrx_word' id='word_1_117' title='bbox 532 1380 536 1409; x_wconf 88' lang='lat'>¹</span> <span class='ocrx_word' id='word_1_118' title='bbox 547 1382 680 1441; x_wconf 88' lang='lat' dir='ltr'>dicebat:</span> <span class='ocrx_word' id='word_1_119' title='bbox 699 1382 860 1440; x_wconf 86' lang='lat' dir='ltr'>Recedite:</span> <span class='ocrx_word' id='word_1_120' title='bbox 869 1407 902 1456; x_wconf 86' lang='lat'>24</span> 
     </span>
     <span class='ocr_line' id='line_1_16' title="bbox 105 1462 862 1538; baseline 0.005 -20"><span class='ocrx_word' id='word_1_121' title='bbox 105 1480 170 1519; x_wconf 94' lang='lat' dir='ltr'>non</span> <span class='ocrx_word' id='word_1_122' title='bbox 186 1473 231 1520; x_wconf 90' lang='lat' dir='ltr'>est</span> <span class='ocrx_word' id='word_1_123' title='bbox 246 1464 326 1521; x_wconf 91' lang='lat' dir='ltr'>enim</span> <span class='ocrx_word' id='word_1_124' title='bbox 342 1472 459 1521; x_wconf 83' lang='lat' dir='ltr'>mortua</span> <span class='ocrx_word' id='word_1_125' title='bbox 475 1464 582 1538; x_wconf 85' lang='lat' dir='ltr'>puelia,</span> <span class='ocrx_word' id='word_1_126' title='bbox 599 1464 653 1522; x_wconf 91' lang='lat' dir='ltr'>sed</span> <span class='ocrx_word' id='word_1_127' title='bbox 667 1462 786 1522; x_wconf 88' lang='lat' dir='ltr'>dormit.</span> <span class='ocrx_word' id='word_1_128' title='bbox 823 1464 862 1522; x_wconf 93' lang='lat' dir='ltr'>Et</span> 
     </span>
     <span class='ocr_line' id='line_1_17' title="bbox 105 1541 897 1616; baseline 0 -15"><span class='ocrx_word' id='word_1_129' title='bbox 105 1541 286 1601; x_wconf 86' lang='lat' dir='ltr'>deridebant</span> <span class='ocrx_word' id='word_1_130' title='bbox 300 1562 378 1602; x_wconf 90' lang='lat' dir='ltr'>eum.</span> <span class='ocrx_word' id='word_1_131' title='bbox 419 1545 458 1601; x_wconf 88' lang='lat' dir='ltr'>Et</span> <span class='ocrx_word' id='word_1_132' title='bbox 472 1562 542 1602; x_wconf 89' lang='lat' dir='ltr'>cum</span> <span class='ocrx_word' id='word_1_133' title='bbox 558 1545 651 1602; x_wconf 86' lang='lat' dir='ltr'>eiecta</span> <span class='ocrx_word' id='word_1_134' title='bbox 665 1554 743 1602; x_wconf 90' lang='lat' dir='ltr'>esset</span> <span class='ocrx_word' id='word_1_135' title='bbox 760 1543 855 1615; x_wconf 86' lang='lat' dir='ltr'>turba,</span> <span class='ocrx_word' id='word_1_136' title='bbox 868 1567 897 1616; x_wconf 90' lang='lat'>25</span> 
     </span>
     <span class='ocr_line' id='line_1_18' title="bbox 106 1622 861 1701; baseline 0.003 -21"><span class='ocrx_word' id='word_1_137' title='bbox 106 1622 229 1681; x_wconf 92' lang='lat' dir='ltr'>intrauit</span> <span class='ocrx_word' id='word_1_138' title='bbox 244 1635 273 1683; x_wconf 92' lang='lat' dir='ltr'>et</span> <span class='ocrx_word' id='word_1_139' title='bbox 288 1622 383 1682; x_wconf 87' lang='lat' dir='ltr'>tenuit</span> <span class='ocrx_word' id='word_1_140' title='bbox 404 1643 525 1682; x_wconf 86' lang='lat' dir='ltr'>manum</span> <span class='ocrx_word' id='word_1_141' title='bbox 541 1622 612 1695; x_wconf 91' lang='lat' dir='ltr'>eius,</span> <span class='ocrx_word' id='word_1_142' title='bbox 628 1634 657 1682; x_wconf 89' lang='lat' dir='ltr'>et</span> <span class='ocrx_word' id='word_1_143' title='bbox 672 1623 795 1683; x_wconf 88' lang='lat' dir='ltr'>surrexit</span> <span class='ocrx_word' id='word_1_144' title='bbox 810 1644 861 1701; x_wconf 89' lang='lat' dir='ltr'>pu·</span> 
     </span>
     <span class='ocr_line' id='line_1_19' title="bbox 105 1702 898 1765; baseline 0.004 -3"><span class='ocrx_word' id='word_1_145' title='bbox 105 1706 173 1763; x_wconf 82' lang='lat' dir='ltr'>ella</span> <span class='ocrx_word' id='word_1_146' title='bbox 218 1706 258 1763; x_wconf 89' lang='lat' dir='ltr'>Et</span> <span class='ocrx_word' id='word_1_147' title='bbox 271 1703 341 1763; x_wconf 89' lang='lat' dir='ltr'>exiit</span> <span class='ocrx_word' id='word_1_148' title='bbox 351 1705 431 1763; x_wconf 86' lang='lat' dir='ltr'>fama</span> <span class='ocrx_word' id='word_1_149' title='bbox 441 1705 516 1763; x_wconf 88' lang='lat' dir='ltr'>haec</span> <span class='ocrx_word' id='word_1_150' title='bbox 527 1702 557 1763; x_wconf 93' lang='lat' dir='ltr'>in</span> <span class='ocrx_word' id='word_1_151' title='bbox 569 1706 738 1764; x_wconf 92' lang='lat' dir='ltr'>uniuersam</span> <span class='ocrx_word' id='word_1_152' title='bbox 749 1718 856 1764; x_wconf 87' lang='lat' dir='ltr'>terram</span> <span class='ocrx_word' id='word_1_153' title='bbox 868 1715 898 1765; x_wconf 84' lang='lat'>26</span> 
     </span>
     <span class='ocr_line' id='line_1_20' title="bbox 105 1785 199 1844; baseline 0.021 -2"><span class='ocrx_word' id='word_1_154' title='bbox 105 1785 199 1844; x_wconf 87' lang='lat' dir='ltr'>illam.</span> 
     </span>
     <span class='ocr_line' id='line_1_21' title="bbox 65 1857 898 1958; baseline -0.001 -34"><span class='ocrx_word' id='word_1_155' title='bbox 65 1857 94 1958; x_wconf 49' lang='lat'>13⁵,</span> <span class='ocrx_word' id='word_1_156' title='bbox 151 1868 191 1925; x_wconf 91' lang='lat' dir='ltr'>Et</span> <span class='ocrx_word' id='word_1_157' title='bbox 207 1877 379 1927; x_wconf 87' lang='lat' dir='ltr'>transeunte</span> <span class='ocrx_word' id='word_1_158' title='bbox 398 1867 469 1926; x_wconf 92' lang='lat' dir='ltr'>inde</span> <span class='ocrx_word' id='word_1_159' title='bbox 484 1869 565 1940; x_wconf 92' lang='lat' dir='ltr'>Iesu,</span> <span class='ocrx_word' id='word_1_160' title='bbox 583 1867 676 1925; x_wconf 90' lang='lat' dir='ltr'>secuti</span> <span class='ocrx_word' id='word_1_161' title='bbox 698 1877 766 1926; x_wconf 90' lang='lat' dir='ltr'>sunt</span> <span class='ocrx_word' id='word_1_162' title='bbox 788 1885 856 1926; x_wconf 90' lang='lat' dir='ltr'>eum</span> <span class='ocrx_word' id='word_1_163' title='bbox 869 1887 898 1939; x_wconf 73' lang='grc' dir='ltr'>η</span> 
     </span>
     <span class='ocr_line' id='line_1_22' title="bbox 107 1945 861 2020; baseline -0.001 -13"><span class='ocrx_word' id='word_1_164' title='bbox 107 1949 172 2007; x_wconf 93' lang='lat' dir='ltr'>duo</span> <span class='ocrx_word' id='word_1_165' title='bbox 182 1946 271 2020; x_wconf 87' lang='lat' dir='ltr'>caeci,</span> <span class='ocrx_word' id='word_1_166' title='bbox 283 1950 445 2007; x_wconf 85' lang='lat' dir='ltr'>clamantes</span> <span class='ocrx_word' id='word_1_167' title='bbox 454 1958 484 2007; x_wconf 93' lang='lat' dir='ltr'>et</span> <span class='ocrx_word' id='word_1_168' title='bbox 495 1946 643 2006; x_wconf 88' lang='lat' dir='ltr'>dicentes:</span> <span class='ocrx_word' id='word_1_169' title='bbox 656 1945 799 2006; x_wconf 87' lang='lat' dir='ltr'>Miserere</span> <span class='ocrx_word' id='word_1_170' title='bbox 809 1966 861 2006; x_wconf 91' lang='lat' dir='ltr'>no-</span> 
     </span>
     <span class='ocr_line' id='line_1_23' title="bbox 107 2027 898 2101; baseline 0 -14"><span class='ocrx_word' id='word_1_171' title='bbox 107 2027 169 2101; x_wconf 91' lang='lat' dir='ltr'>stri,</span> <span class='ocrx_word' id='word_1_172' title='bbox 183 2027 224 2086; x_wconf 88' lang='lat' dir='ltr'>fili</span> <span class='ocrx_word' id='word_1_173' title='bbox 237 2027 346 2088; x_wconf 80' lang='lat' dir='ltr'>Dauid.</span> <span class='ocrx_word' id='word_1_174' title='bbox 379 2029 458 2089; x_wconf 93' lang='lat' dir='ltr'>Cum</span> <span class='ocrx_word' id='word_1_175' title='bbox 469 2039 569 2088; x_wconf 87' lang='lat' dir='ltr'>autern</span> <span class='ocrx_word' id='word_1_176' title='bbox 581 2028 711 2087; x_wconf 89' lang='lat' dir='ltr'>uenisset</span> <span class='ocrx_word' id='word_1_177' title='bbox 722 2029 857 2099; x_wconf 91' lang='lat' dir='ltr'>domum,</span> <span class='ocrx_word' id='word_1_178' title='bbox 868 2039 898 2087; x_wconf 85' lang='lat'>28</span> 
     </span>
     <span class='ocr_line' id='line_1_24' title="bbox 107 2106 860 2169; baseline -0.001 -1"><span class='ocrx_word' id='word_1_179' title='bbox 107 2119 300 2169; x_wconf 89' lang='lat' dir='ltr'>accesserunt</span> <span class='ocrx_word' id='word_1_180' title='bbox 311 2111 350 2168; x_wconf 90' lang='lat' dir='ltr'>ad</span> <span class='ocrx_word' id='word_1_181' title='bbox 361 2128 430 2168; x_wconf 89' lang='lat' dir='ltr'>eum</span> <span class='ocrx_word' id='word_1_182' title='bbox 442 2108 533 2168; x_wconf 89' lang='lat' dir='ltr'>caeci.</span> <span class='ocrx_word' id='word_1_183' title='bbox 567 2111 606 2167; x_wconf 90' lang='lat' dir='ltr'>Et</span> <span class='ocrx_word' id='word_1_184' title='bbox 617 2106 690 2167; x_wconf 87' lang='lat' dir='ltr'>dicit</span> <span class='ocrx_word' id='word_1_185' title='bbox 701 2107 743 2167; x_wconf 90' lang='lat' dir='ltr'>eis</span> <span class='ocrx_word' id='word_1_186' title='bbox 756 2109 841 2168; x_wconf 91' lang='lat' dir='ltr'>Iesus</span> <span class='ocrx_word' id='word_1_187' title='bbox 854 2131 860 2167; x_wconf 76' lang='grc' dir='ltr'>ε</span> 
     </span>
     <span class='ocr_line' id='line_1_25' title="bbox 107 2187 862 2267; baseline -0.004 -16"><span class='ocrx_word' id='word_1_188' title='bbox 107 2189 240 2251; x_wconf 87' lang='lat' dir='ltr'>Creditis</span> <span class='ocrx_word' id='word_1_189' title='bbox 255 2189 325 2267; x_wconf 90' lang='lat' dir='ltr'>quia</span> <span class='ocrx_word' id='word_1_190' title='bbox 344 2210 466 2267; x_wconf 89' lang='lat' dir='ltr'>possum</span> <span class='ocrx_word' id='word_1_191' title='bbox 482 2191 540 2248; x_wconf 92' lang='lat' dir='ltr'>hoc</span> <span class='ocrx_word' id='word_1_192' title='bbox 555 2191 651 2248; x_wconf 81' lang='lat' dir='ltr'>facere</span> <span class='ocrx_word' id='word_1_193' title='bbox 666 2188 778 2249; x_wconf 84' lang='lat' dir='ltr'>uobis?</span> <span class='ocrx_word' id='word_1_194' title='bbox 809 2187 862 2248; x_wconf 94' lang='lat' dir='ltr'>Di-</span> 
     </span>
     <span class='ocr_line' id='line_1_26' title="bbox 105 2268 917 2347; baseline -0.002 -17"><span class='ocrx_word' id='word_1_195' title='bbox 105 2281 181 2330; x_wconf 88' lang='lat' dir='ltr'>cunt</span> <span class='ocrx_word' id='word_1_196' title='bbox 194 2269 221 2330; x_wconf 91' lang='lat' dir='ltr'>ei</span> <span class='ocrx_word' id='word_1_197' title='bbox 235 2295 241 2331; x_wconf 93' lang='lat'>:</span> <span class='ocrx_word' id='word_1_198' title='bbox 264 2270 389 2347; x_wconf 89' lang='lat' dir='ltr'>Utique,</span> <span class='ocrx_word' id='word_1_199' title='bbox 403 2272 546 2330; x_wconf 89' lang='lat' dir='ltr'>Domine.</span> <span class='ocrx_word' id='word_1_200' title='bbox 583 2272 672 2328; x_wconf 86' lang='lat' dir='ltr'>Tunc</span> <span class='ocrx_word' id='word_1_201' title='bbox 683 2268 777 2346; x_wconf 85' lang='lat' dir='ltr'>tetigit</span> <span class='ocrx_word' id='word_1_202' title='bbox 788 2289 857 2331; x_wconf 84' lang='lat' dir='ltr'>ocu·</span> <span class='ocrx_word' id='word_1_203' title='bbox 869 2295 899 2345; x_wconf 87' lang='lat'>29</span> <span class='ocrx_word' id='word_1_204' title='bbox 916 2329 917 2335; x_wconf 38' lang='lat'>,</span> 
     </span>
     <span class='ocr_line' id='line_1_27' title="bbox 105 2351 860 2422; baseline -0.001 -12"><span class='ocrx_word' id='word_1_205' title='bbox 105 2353 152 2411; x_wconf 92' lang='lat' dir='ltr'>los</span> <span class='ocrx_word' id='word_1_206' title='bbox 167 2371 280 2422; x_wconf 89' lang='lat' dir='ltr'>eorum,</span> <span class='ocrx_word' id='word_1_207' title='bbox 294 2351 399 2411; x_wconf 92' lang='lat' dir='ltr'>dicens</span> <span class='ocrx_word' id='word_1_208' title='bbox 413 2374 419 2409; x_wconf 90' lang='lat'>:</span> <span class='ocrx_word' id='word_1_209' title='bbox 442 2351 614 2411; x_wconf 89' lang='lat' dir='ltr'>Secundum</span> <span class='ocrx_word' id='word_1_210' title='bbox 627 2352 718 2410; x_wconf 90' lang='lat' dir='ltr'>fidem</span> <span class='ocrx_word' id='word_1_211' title='bbox 731 2361 860 2410; x_wconf 91' lang='lat' dir='ltr'>uestram</span> 
     </span>
     <span class='ocr_line' id='line_1_28' title="bbox 106 2431 899 2508; baseline -0.001 -18"><span class='ocrx_word' id='word_1_212' title='bbox 106 2433 159 2490; x_wconf 87' lang='lat' dir='ltr'>fiat</span> <span class='ocrx_word' id='word_1_213' title='bbox 173 2431 270 2491; x_wconf 91' lang='lat' dir='ltr'>uobis.</span> <span class='ocrx_word' id='word_1_214' title='bbox 314 2434 354 2491; x_wconf 92' lang='lat' dir='ltr'>Et</span> <span class='ocrx_word' id='word_1_215' title='bbox 367 2432 459 2508; x_wconf 86' lang='lat' dir='ltr'>aperti</span> <span class='ocrx_word' id='word_1_216' title='bbox 476 2443 547 2491; x_wconf 91' lang='lat' dir='ltr'>sunt</span> <span class='ocrx_word' id='word_1_217' title='bbox 565 2432 644 2491; x_wconf 91' lang='lat' dir='ltr'>oculi</span> <span class='ocrx_word' id='word_1_218' title='bbox 667 2433 804 2490; x_wconf 89' lang='lat' dir='ltr'>illorum:</span> <span class='ocrx_word' id='word_1_219' title='bbox 827 2442 857 2491; x_wconf 87' lang='lat' dir='ltr'>et</span> <span class='ocrx_word' id='word_1_220' title='bbox 867 2456 899 2502; x_wconf 83' lang='lat'>30</span> 
     </span>
     <span class='ocr_line' id='line_1_29' title="bbox 106 2511 861 2585; baseline 0 -14"><span class='ocrx_word' id='word_1_221' title='bbox 106 2514 308 2572; x_wconf 84' lang='lat' dir='ltr'>comminatus</span> <span class='ocrx_word' id='word_1_222' title='bbox 319 2525 364 2572; x_wconf 90' lang='lat' dir='ltr'>est</span> <span class='ocrx_word' id='word_1_223' title='bbox 375 2514 432 2572; x_wconf 90' lang='lat' dir='ltr'>illis</span> <span class='ocrx_word' id='word_1_224' title='bbox 445 2515 540 2585; x_wconf 77' lang='lat' dir='ltr'>lesuS,</span> <span class='ocrx_word' id='word_1_225' title='bbox 552 2512 656 2572; x_wconf 89' lang='lat' dir='ltr'>dicens</span> <span class='ocrx_word' id='word_1_226' title='bbox 669 2536 675 2572; x_wconf 91' lang='lat'>:</span> <span class='ocrx_word' id='word_1_227' title='bbox 699 2511 811 2573; x_wconf 89' lang='lat' dir='ltr'>Uidete</span> <span class='ocrx_word' id='word_1_228' title='bbox 822 2531 861 2571; x_wconf 89' lang='lat' dir='ltr'>ne</span> 
     </span>
     <span class='ocr_line' id='line_1_30' title="bbox 106 2592 894 2670; baseline -0.004 -17"><span class='ocrx_word' id='word_1_229' title='bbox 106 2592 174 2670; x_wconf 90' lang='lat' dir='ltr'>quis</span> <span class='ocrx_word' id='word_1_230' title='bbox 185 2595 269 2653; x_wconf 88' lang='lat' dir='ltr'>sciat.</span> <span class='ocrx_word' id='word_1_231' title='bbox 309 2595 356 2655; x_wconf 85' lang='lat' dir='ltr'>Illi</span> <span class='ocrx_word' id='word_1_232' title='bbox 365 2605 468 2653; x_wconf 84' lang='lat' dir='ltr'>autem</span> <span class='ocrx_word' id='word_1_233' title='bbox 476 2604 618 2654; x_wconf 89' lang='lat' dir='ltr'>exeuntes</span> <span class='ocrx_word' id='word_1_234' title='bbox 628 2592 856 2653; x_wconf 82' lang='lat' dir='ltr'>diffamauerunt</span> <span class='ocrx_word' id='word_1_235' title='bbox 864 2617 894 2665; x_wconf 80' lang='lat'>31</span> 
     </span>
     <span class='ocr_line' id='line_1_31' title="bbox 105 2673 461 2745; baseline -0.003 -12"><span class='ocrx_word' id='word_1_236' title='bbox 105 2694 178 2745; x_wconf 81' lang='lat' dir='ltr'>eum</span> <span class='ocrx_word' id='word_1_237' title='bbox 192 2674 222 2732; x_wconf 92' lang='lat' dir='ltr'>in</span> <span class='ocrx_word' id='word_1_238' title='bbox 237 2685 300 2733; x_wconf 92' lang='lat' dir='ltr'>tota</span> <span class='ocrx_word' id='word_1_239' title='bbox 314 2687 390 2734; x_wconf 88' lang='lat' dir='ltr'>terra</span> <span class='ocrx_word' id='word_1_240' title='bbox 404 2673 461 2733; x_wconf 88' lang='lat' dir='ltr'>illa.</span> 
     </span>
    </p>

    <p class='ocr_par' dir='ltr' id='par_1_3' title="bbox 105 2753 1068 2909">
     <span class='ocr_line' id='line_1_32' title="bbox 147 2753 1027 2832; baseline 0 -19"><span class='ocrx_word' id='word_1_241' title='bbox 147 2754 281 2832; x_wconf 83' lang='lat' dir='ltr'>Egressis</span> <span class='ocrx_word' id='word_1_242' title='bbox 295 2767 394 2814; x_wconf 86' lang='lat' dir='ltr'>autern</span> <span class='ocrx_word' id='word_1_243' title='bbox 410 2754 474 2825; x_wconf 80' lang='lat' dir='ltr'>illis,</span> <span class='ocrx_word' id='word_1_244' title='bbox 490 2774 561 2814; x_wconf 89' lang='lat' dir='ltr'>ecce</span> <span class='ocrx_word' id='word_1_245' title='bbox 575 2756 746 2832; x_wconf 84' lang='lat' dir='ltr'>optulerunt</span> <span class='ocrx_word' id='word_1_246' title='bbox 761 2753 789 2813; x_wconf 92' lang='lat' dir='ltr'>ei</span> <span class='ocrx_word' id='word_1_247' title='bbox 804 2756 855 2813; x_wconf 79' lang='lat' dir='ltr'>ho</span> <span class='ocrx_word' id='word_1_248' title='bbox 866 2778 896 2825; x_wconf 79' lang='lat'>3²</span> <span class='ocrx_word' id='word_1_249' title='bbox 916 2770 947 2812; x_wconf 83' lang='lat'>12.</span> <span class='ocrx_word' id='word_1_250' title='bbox 957 2785 1027 2823; x_wconf 54' lang='grc' dir='ltr'>Μ.</span> 
     </span>
     <span class='ocr_line' id='line_1_33' title="bbox 105 2821 1068 2909; baseline -0.001 -15"><span class='ocrx_word' id='word_1_251' title='bbox 105 2834 219 2894; x_wconf 90' lang='lat' dir='ltr'>minem</span> <span class='ocrx_word' id='word_1_252' title='bbox 240 2847 367 2909; x_wconf 89' lang='lat' dir='ltr'>mutum,</span> <span class='ocrx_word' id='word_1_253' title='bbox 387 2835 581 2896; x_wconf 84' lang='lat' dir='ltr'>daemonium</span> <span class='ocrx_word' id='word_1_254' title='bbox 602 2836 772 2896; x_wconf 90' lang='lat' dir='ltr'>habentem.</span> <span class='ocrx_word' id='word_1_255' title='bbox 817 2836 856 2893; x_wconf 90' lang='lat' dir='ltr'>Et</span> <span class='ocrx_word' id='word_1_256' title='bbox 866 2859 896 2906; x_wconf 78' lang='lat'>33</span> <span class='ocrx_word' id='word_1_257' title='bbox 914 2821 951 2864; x_wconf 66' lang='lat'>1⁸·</span> <span class='ocrx_word' id='word_1_258' title='bbox 962 2822 992 2864; x_wconf 81' lang='lat'>¹¹·</span> <span class='ocrx_word' id='word_1_259' title='bbox 1001 2837 1068 2874; x_wconf 53' lang='lat'><strong>¹⁴³⁵·</strong></span> 
     </span>
    </p>
   </div>
   <div class='ocr_carea' id='block_1_3' title="bbox 103 2996 1069 3209">
    <p class='ocr_par' dir='ltr' id='par_1_4' title="bbox 103 2996 1069 3209">
     <span class='ocr_line' id='line_1_34' title="bbox 139 2996 1069 3070; baseline -0.001 -6"><span class='ocrx_word' id='word_1_260' title='bbox 139 3013 160 3046; x_wconf 85' lang='lat'>¹⁸</span> <span class='ocrx_word' id='word_1_261' title='bbox 176 3013 486 3070; x_wconf 61' lang='lat' dir='ltr'>dieeneeDomineth</span> <span class='ocrx_word' id='word_1_262' title='bbox 535 3022 753 3064; x_wconf 75' lang='lat' dir='ltr'>manum÷tuam</span> <span class='ocrx_word' id='word_1_263' title='bbox 765 2996 824 3069; x_wconf 49' lang='grc' dir='ltr'>Μ’</span> <span class='ocrx_word' id='word_1_264' title='bbox 908 3013 930 3047; x_wconf 76' lang='lat'>²⁵</span> <span class='ocrx_word' id='word_1_265' title='bbox 947 3019 1069 3066; x_wconf 78' lang='lat' dir='ltr'>eius÷et</span> 
     </span>
     <span class='ocr_line' id='line_1_35' title="bbox 104 3077 1069 3141; baseline 0.001 -13"><span class='ocrx_word' id='word_1_266' title='bbox 104 3078 188 3128; x_wconf 84' lang='lat' dir='ltr'>dixit:</span> <span class='ocrx_word' id='word_1_267' title='bbox 206 3081 293 3129; x_wconf 82' lang='lat' dir='ltr'>Puella</span> <span class='ocrx_word' id='word_1_268' title='bbox 304 3078 440 3141; x_wconf 62' lang='lat' dir='ltr'>surgezz</span> <span class='ocrx_word' id='word_1_269' title='bbox 515 3079 537 3112; x_wconf 83' lang='lat'>²⁸</span> <span class='ocrx_word' id='word_1_270' title='bbox 556 3080 642 3134; x_wconf 87' lang='lat' dir='ltr'>&gt;hoc</span> <span class='ocrx_word' id='word_1_271' title='bbox 654 3094 758 3140; x_wconf 88' lang='lat' dir='ltr'>possum</span> <span class='ocrx_word' id='word_1_272' title='bbox 770 3077 823 3134; x_wconf 60' lang='lat' dir='ltr'>,w</span> <span class='ocrx_word' id='word_1_273' title='bbox 900 3080 922 3112; x_wconf 80' lang='lat'>⁸⁰</span> <span class='ocrx_word' id='word_1_274' title='bbox 938 3084 1069 3140; x_wconf 80' lang='lat' dir='ltr'>illorum:</span> 
     </span>
     <span class='ocr_line' id='line_1_36' title="bbox 103 3144 1032 3209; baseline 0.002 -16"><span class='ocrx_word' id='word_1_275' title='bbox 103 3160 196 3194; x_wconf 86' lang='lat' dir='ltr'>eorum</span> <span class='ocrx_word' id='word_1_276' title='bbox 208 3144 261 3202; x_wconf 63' lang='lat' dir='ltr'>Sti</span> <span class='ocrx_word' id='word_1_277' title='bbox 327 3145 348 3178; x_wconf 83' lang='lat'>³²</span> <span class='ocrx_word' id='word_1_278' title='bbox 365 3145 498 3209; x_wconf 79' lang='lat' dir='ltr'>dr&#39;stingur&#39;t</span> <span class='ocrx_word' id='word_1_279' title='bbox 508 3145 647 3207; x_wconf 86' lang='lat' dir='ltr'>hominem,</span> <span class='ocrx_word' id='word_1_280' title='bbox 660 3153 756 3192; x_wconf 90' lang='lat' dir='ltr'>mutum</span> <span class='ocrx_word' id='word_1_281' title='bbox 769 3146 849 3194; x_wconf 91' lang='lat' dir='ltr'>daem.</span> <span class='ocrx_word' id='word_1_282' title='bbox 864 3146 999 3195; x_wconf 83' lang='lat' dir='ltr'>habentem</span> <span class='ocrx_word' id='word_1_283' title='bbox 1007 3147 1032 3194; x_wconf 90' lang='lat' dir='ltr'>A</span> 
     </span>
    </p>
   </div>
   <div class='ocr_carea' id='block_1_4' title="bbox 572 3237 601 3271">
    <p class='ocr_par' dir='ltr' id='par_1_5' title="bbox 572 3237 601 3271">
     <span class='ocr_line' id='line_1_37' title="bbox 572 3237 601 3271; baseline 0 0"><span class='ocrx_word' id='word_1_284' title='bbox 572 3237 601 3271; x_wconf 87' lang='lat'>21</span> 
     </span>
    </p>
   </div>
   <div class='ocr_carea' id='block_1_5' title="bbox 0 0 1130 3630">
    <p class='ocr_par' dir='ltr' id='par_1_6' title="bbox 0 0 1130 3630">
     <span class='ocr_line' id='line_1_38' title="bbox 0 0 1130 3630; baseline 0 0"><span class='ocrx_word' id='word_1_285' title='bbox 0 0 1130 3630; x_wconf 95' lang='lat' dir='ltr'> </span> 
     </span>
    </p>
   </div>
  </div>
 </body>
</html>
