2250 3630
203 129 342 191 ACTUS
363 128 686 189 APOSTOLORUM
866 131 922 193 ·16.
940 153 1023 201 22-35

59 283 200 342 Romani.
245 287 285 344 Et
299 284 448 345 concurrit
469 285 554 379 plebs
576 288 720 347 aduersus
743 305 812 346 eos:
824 310 885 343 222
895 301 943 343 eor
952 301 1021 352 11222

57 376 88 425 et
102 363 297 441 magistratus
314 364 412 425 scissis
427 368 535 426 tunicis
544 387 658 434 eorum
669 365 816 427 iusserunt
874 352 985 394 Μ
974 351 986 380 ⁹
988 367 1021 394 ··²

57 445 147 523 uirgis
162 445 256 506 caedi.
300 449 339 505 Et
354 467 423 505 cum
438 449 546 507 multas
560 449 702 525 plagas'
676 469 718 506 ers
733 447 816 524 inpo-
827 472 856 520 ²3

57 530 195 599 suissent,
212 539 355 587 miserunt
364 548 417 587 eos
425 548 456 587 m
465 548 623 602 carcerem,
633 548 814 606 praecrpren

57 620 103 667 tes
122 607 242 667 custodi
261 619 293 667 ut
310 608 468 686 diligenter
487 609 650 669 custodiret
663 629 724 670 eos.
748 609 810 686 Qui
824 634 869 683 24

56 709 128 747 cum
143 691 202 749 tale
218 701 410 767 praeceptum
427 692 599 767 accepisset,
616 690 697 751 misit
715 711 766 752 eos
782 689 813 750 in

57 769 229 830 interiorem
254 790 411 844 carcerem,
437 783 466 830 et
489 773 582 848 pedes
604 791 708 831 eorum
731 774 813 832 strin-

56 850 100 910 xit
116 849 148 909 in
169 850 268 928 ligno„
303 851 407 911 Media
425 863 526 911 autem
548 864 637 912 noete
658 854 769 913 Paulus
783 864 812 913 et
824 876 854 926 25
945 910 948 914 1

55 933 132 992 Silas
156 934 314 992 adorantes
334 933 496 998 laudabant
521 935 639 1003 Deum:
668 945 698 993 et
715 933 816 994 audie·

56 1014 202 1084 banteoS,
218 1011 269 1089 qui
284 1011 315 1071 in
329 1012 466 1072 custodia
485 1026 576 1073 erant.
620 1013 726 1074 Subito
741 1035 814 1075 uero
824 1025 855 1075 26
871 1030 890 1071 4.
900 1043 931 1081 31.

57 1105 152 1153 terrae
170 1105 269 1152 motus
284 1094 379 1153 sactus
396 1104 442 1152 est
457 1114 591 1170 magnus,
609 1096 649 1153 ita
663 1105 696 1154 ut
712 1115 814 1155 moue·

57 1184 160 1233 rentur
174 1175 369 1234 fundamenta
388 1173 522 1234 carceris.
567 1178 606 1234 Et
627 1186 730 1252 aperta
746 1186 815 1234 sunt

57 1253 159 1314 statim
175 1253 251 1313 ostia
271 1253 390 1314 omnia:
412 1267 441 1314 et
463 1255 670 1315 uniuersomm
692 1255 813 1315 uincula

56 1337 157 1395 soluta
171 1347 249 1396 sunt.
286 1336 517 1415 Expergesactus
532 1349 632 1397 autem
642 1349 743 1396 custos
752 1357 812 1396 car·
822 1358 851 1411 ²7

57 1415 143 1492 ceris,
158 1427 187 1476 et
201 1415 308 1476 uidens
322 1429 438 1494 apertas
453 1416 556 1477 ianuas
572 1417 703 1491 carceris
717 1418 813 1495 euagi-

56 1508 134 1559 nato
145 1498 249 1574 gladio
269 1497 392 1557 uolebat
409 1518 441 1558 se
463 1497 635 1574 interficere,
652 1498 812 1559 aestimans

56 1577 168 1655 fugisse
182 1576 308 1639 uinctos.
352 1578 501 1639 Clamauit
515 1591 616 1640 autem
628 1582 738 1640 Paulus
754 1601 812 1640 ma·
823 1593 853 1640 28

56 1679 117 1737 gna
125 1678 212 1733 uoce,
221 1658 343 1720 dicens:
365 1661 448 1719 Nihil
463 1660 630 1721 seceristibi
646 1663 727 1720 mali:
751 1661 813 1721 uni·

57 1741 137 1801 uersi
151 1739 233 1801 enim
247 1740 297 1801 hic
311 1760 421 1801 sumus.
465 1739 625 1820 Petitoque
640 1741 760 1815 lumine,
772 1743 813 1801 in·
824 1766 854 1818 ²9

57 1835 223 1901 trogressus
238 1833 303 1883 est:
325 1832 355 1882 et
369 1825 558 1882 tremefactus
576 1822 704 1900 procidit
719 1825 814 1883 Paulo

55 1917 88 1964 et
99 1902 191 1964 Silae:
205 1903 209 1939 ¹
225 1915 255 1963 et
265 1905 435 1982 producens
444 1924 496 1964 eos
505 1905 591 1975 foras,
602 1903 654 1963 ait:
678 1902 812 1977 Domini,
824 1928 856 1975 30
871 1923 889 1967 a.
899 1939 931 1977 37.

56 1983 133 2062 quid
147 2004 196 2044 me
216 1996 333 2062 oportet
354 1985 458 2058 facere,
474 1995 507 2044 ut
528 1986 627 2044 saluus
647 1986 739 2044 fiam?
773 1987 852 2055 At31

57 2065 101 2126 illi
115 2064 272 2126 dixerunt:
295 2066 393 2140 Crede
415 2068 445 2125 in
468 2067 603 2126 Domino
622 2068 699 2137 Iesu,
716 2076 747 2125 et
761 2067 815 2125 sal-

57 2167 116 2207 uus
131 2145 188 2206 eris
203 2158 243 2217 tu,
261 2158 290 2207 et
304 2149 413 2207 domus
428 2157 487 2207 tua.
533 2150 572 2207 Et
590 2146 682 2207 locuti
702 2158 771 2207 sunt
786 2145 812 2208 ei
823 2171 852 2218 3²

57 2227 185 2288 uerbum
209 2227 333 2287 Domini
353 2249 423 2288 cum
444 2227 586 2290 omnibus
607 2228 659 2306 qui
680 2239 764 2288 erant
783 2229 814 2286 in

56 2312 153 2369 domo
166 2307 239 2369 eius.
282 2310 321 2367 Et
332 2311 439 2370 tollens
451 2330 503 2370 eos
518 2309 549 2368 in
564 2309 615 2370 illa
623 2311 696 2368 hora
707 2308 812 2383 noctis,
824 2334 855 2382 33

57 2389 133 2455 lauit
147 2390 249 2467 plagas
264 2387 387 2451 eorum:
413 2402 443 2450 et
458 2391 623 2467 baptizatus
637 2403 683 2450 est
698 2391 769 2467 ipse,
786 2402 815 2450 et

57 2489 167 2531 omnes
187 2469 251 2531 eius
272 2470 423 2530 continuo.
467 2473 607 2548 Cumque
628 2471 813 2549 perduxisset
825 2496 856 2544 34

57 2571 112 2612 eos
128 2549 159 2610 in
173 2553 299 2612 domum
314 2571 409 2626 suam,
422 2551 563 2629 adposuit
574 2551 616 2612 eis
631 2573 776 2626 mensam,
787 2565 816 2612 et

57 2637 185 2692 laetatus
200 2643 244 2692 est
259 2652 328 2692 cum
340 2632 422 2692 omni
433 2635 527 2692 domo
537 2653 591 2693 sua
601 2635 727 2694 credens
738 2636 814 2693 Deo.

102 2715 231 2772 Etcum
253 2715 317 2796 dies
338 2715 433 2773 sactus
454 2726 540 2788 esset,
562 2713 706 2776 miserunt
727 2714 817 2791 magi·
825 2736 856 2786 35

92 2845 114 2878 ²²
129 2846 241 2895 cucurrit
252 2845 306 2902 §di
386 2847 672 2903 iusserunt÷eoszdt
770 2845 791 2877 ²⁴
807 2849 896 2894 insec.
908 2859 958 2894 om.
972 2841 1027 2901 Μ

56 2911 79 2943 ²⁵
97 2921 206 2960 orantes
229 2911 281 2967 Μ
393 2911 414 2944 ²⁸
434 2914 556 2968 >statim
579 2922 670 2975 aperta
692 2919 752 2961 sunt
776 2912 862 2960 omnia
884 2912 951 2960 ostia
972 2909 1025 2966 Μ

56 2976 79 3009 ²⁷
101 2977 230 3030 >ianuas
241 2983 344 3040 apertas
356 2975 409 3032 Μ
492 2977 513 3009 ²⁸
533 2986 632 3033 >voce
645 2994 685 3027 ma
687 2975 802 3039 gnaffl
869 2976 1024 3033 >ummah

56 3042 154 3092 feceris
167 3040 220 3098 Μ
284 3041 306 3074 ²⁹
324 3043 466 3093 eumad
477 3045 559 3104 pedes
571 3042 624 3100 ‚w
683 2995 1028 3097 31Βοῐηιιιιιιῐιίιεεωῐιᾖρῐί

55 3109 80 3142 ³³
97 3123 214 3158 omnesz
230 3105 483 3166 omnisdomuszdt

522 3198 568 3251 327
623 3193 625 3198 ’
