2250 3630
202 213 486 276 APOCALYPSIS
508 216 722 277 IOHANNIS
843 217 1040 289 9.14-10.1

79 389 196 443 uocem,
211 391 307 430 unum
321 391 359 431 ex
370 371 513 430 cornibus
528 369 627 431 altaris
645 370 735 444 aurei,
750 374 834 449 quod

79 464 125 510 est
146 463 217 512 ante
233 454 338 511 oculos
355 451 423 524 Dei,
442 450 593 512 dicentem
612 465 697 512 sexto
715 454 831 529 angelo,
845 477 875 525 ¹4
892 467 962 512 ran:

80 531 131 609 qui
147 532 279 592 habebat
292 533 414 592 tubam:
436 534 528 592 Solue
546 543 687 609 quattuor
699 535 831 610 angelos

79 611 132 689 qui
142 610 254 688 alligati
266 625 335 672 sunt
346 612 378 672 in
386 614 511 673 flumine
519 633 630 690 magno
639 615 769 674 Eufrate.
794 617 833 674 Et
845 639 873 687 15
890 629 911 669 ε.
919 645 938 678 r·

79 692 170 752 soluti
183 704 253 752 sunt
267 704 409 769 quattuor
422 693 527 770 angeli,
544 693 596 772 qui
606 693 701 771 parati
709 705 794 754 erant
802 694 833 754 in

80 775 193 845 horam,
210 785 239 832 et
251 773 340 846 diem,
356 786 387 834 et
401 793 545 847 mensem,
556 787 586 834 et
596 795 709 834 annum
722 799 728 835 :
743 787 775 835 ut
786 795 834 836 oc·

79 855 214 914 ciderent
228 853 344 914 tertiam
359 866 473 931 partem
485 857 651 915 hominum.
684 859 723 915 Et
731 876 833 917 nume·
844 867 875 916 16

79 955 129 994 rus
139 934 283 1011 equestris
292 935 438 994 exercitus
449 935 540 996 uicies
549 935 645 996 milies
653 939 733 996 dena
742 936 833 996 milia:

79 1014 183 1075 audiui
197 1028 355 1076 numerum
370 1035 483 1076 eorum.
517 1019 557 1075 Et
570 1015 612 1076 ita
622 1016 685 1077 uidi
696 1037 789 1094 equos
800 1017 831 1077 in
844 1037 873 1091 17

79 1095 215 1155 uisione:
232 1107 267 1156 'et
280 1095 332 1172 qui
347 1096 493 1157 sedebant
507 1116 596 1175 super
606 1116 667 1170 eos,
679 1097 832 1158 habebant

79 1176 185 1236 loricas
199 1175 310 1254 igneas,
326 1188 356 1237 et
367 1178 562 1253 hyacintinas,
571 1188 601 1237 et
610 1179 792 1255 sulphureas,
803 1189 833 1238 et

79 1259 179 1334 capita
187 1277 333 1334 equorum
343 1270 427 1317 erant
436 1270 589 1334 tamquam
598 1257 833 1334 capitaleonum:

80 1350 112 1397 et
125 1339 165 1398 de
175 1357 228 1398 ore
241 1336 375 1415 ipsorum
388 1338 547 1417 procedit
539 1341 623 1416 ignis,
640 1350 670 1399 et
683 1341 792 1411 fumus
804 1351 835 1400 et

80 1420 213 1495 sulphur.
245 1417 297 1478 Ab
309 1418 356 1478 his
370 1418 465 1480 tribus
480 1419 573 1498 plagis
582 1420 682 1479 occisa
696 1431 741 1480 est
750 1419 835 1480 tertia
848 1433 875 1480 18

79 1519 149 1576 pars
162 1497 328 1572 hominum,
341 1501 404 1561 de'
395 1520 471 1578 igne,
489 1512 519 1560 et
532 1502 624 1573 fumo,
640 1512 670 1561 et
684 1502 834 1578 sulphure,

76 1599 133 1657 ¹qur
126 1578 326 1657 procedebat
337 1601 374 1640 ex
382 1595 434 1641 ote
442 1601 585 1659 ipsorum
607 1584 744 1642 Potestas
753 1602 833 1642 enim
847 1606 875 1657 19

80 1680 228 1737 equorum
243 1659 274 1719 in
289 1681 453 1721 oreeorum
463 1673 515 1734 est,
529 1662 599 1721 etin
608 1663 711 1723 caudis
720 1682 834 1723 eorum:

79 1753 152 1800 nam
172 1743 288 1803 caudae
312 1762 417 1801 eorum
439 1741 550 1803 similes
571 1743 767 1820 serpentibus,
786 1746 835 1804 ha·

81 1822 189 1881 bentes
208 1822 324 1900 capita:
356 1835 386 1883 et
408 1822 438 1882 in
460 1823 506 1883 his
520 1835 641 1882 nocent.
684 1826 723 1883 Et
744 1827 834 1883 ceteri
846 1850 876 1883 ιο
893 1835 928 1874 Ps
939 1833 975 1873 11³
984 1833 1044 1882 ott

80 1901 228 1976 homines,
243 1922 296 1980 qur
309 1923 372 1964 non
387 1916 456 1964 sunt
465 1923 557 1964 occisi
549 1903 661 1963 mhrs
672 1903 775 1980 plagis
786 1925 836 1964 ne·
895 1948 925 1974 1
893 1884 994 1930 555555
987 1898 1024 1932 55

81 2003 142 2060 que
165 1984 380 2062 paenitentiam
403 1995 526 2062 egerunt
550 1985 590 2044 de
611 1984 751 2061 operibus
776 2005 836 2044 ma·
894 1949 931 2024 Ε55·
941 1983 1029 2034 5555·

80 2083 176 2123 nuum
191 2085 320 2137 suarum,
335 2077 369 2125 ut
383 2086 445 2126 non
459 2067 617 2125 adorarent
631 2064 791 2126 daemonia
804 2077 835 2127 et
894 2049 957 2125 han
946 2085 980 2124 ‚5
991 2101 1014 2132 ι

75 2145 332 2205 simulacraaurea
341 2157 371 2206 et
379 2159 527 2223 argentea,
537 2157 568 2206 et
578 2166 664 2207 aerea
673 2146 904 2224 etlaprdea,
894 2136 960 2177 5555
971 2136 1037 2176 5555

81 2237 111 2285 et
133 2227 239 2302 lignea,
260 2246 337 2303 quae
354 2247 454 2304 neque
467 2227 570 2288 uidere
584 2237 719 2303 possunt,
736 2247 835 2305 neque

80 2306 193 2399 audire,
206 2327 306 2384 neque
319 2307 490 2368 ambulare:
510 2319 542 2368 et
552 2327 616 2368 non
629 2319 752 2385 egerunt
766 2328 833 2385 pae
846 2333 873 2367 21
893 2323 970 2372 ,neg
980 2325 999 2368 ιε

81 2387 240 2447 nitentiam
254 2388 295 2448 ab
309 2387 479 2448 homicidiis
493 2387 564 2461 suiS,
579 2408 679 2465 neque
692 2408 711 2449 a
726 2391 835 2449 uenefi-
893 2375 927 2413 555
915 2373 1027 2424 555555·

81 2468 136 2528 ciis
157 2467 226 2560 suis,
248 2487 347 2545 neque
363 2487 383 2528 a
403 2468 599 2529 fornicatione
620 2488 682 2543 sua,
697 2490 798 2548 neque
818 2491 836 2530 a

81 2547 167 2609 furtis
181 2549 251 2608 suis.

123 2631 164 2688 Et
183 2629 246 2689 uidi
265 2632 355 2690 alium
370 2632 509 2725 angelum
522 2631 631 2691 fortem
652 2633 835 2692 descenden-
843 2629 1017 2729 10Ar00··25

81 2722 144 2771 tem
158 2712 199 2771 de
212 2713 305 2783 caelo,
320 2715 464 2772 amictum
481 2712 563 2772 nube
576 2724 607 2772 et
626 2710 675 2771 iris
692 2710 836 2789 incapite
894 2690 964 2731 555·

82 2791 156 2864 eius,
171 2802 203 2852 et
224 2757 314 2852 facies
335 2794 398 2852 eius
418 2803 480 2853 erat
498 2804 532 2853 ut
551 2794 605 2866 sol,
620 2806 651 2854 et
665 2795 799 2871 pedes
772 2813 836 2854 erus

114 2943 137 2976 ¹⁸
154 2959 333 2992 uocemunam
347 2943 447 3000 CDSOE
489 2939 747 3006 'exitquattuorzu
812 2941 834 2976 55
851 2943 983 3004 Euphrate
995 2943 1045 2999 Μ

81 3011 103 3043 55
121 3013 261 3058 mrlwcet
273 3009 373 3065 (31)th
451 3008 471 3040 55
487 3009 670 3072 hyacinthinas
682 3008 734 3065 Μ
794 3011 940 3065 iptorum.
957 3024 1045 3057 eorum

83 3075 137 3132 Μ
203 3073 225 3107 55
250 3075 308 3125 ÷Et
319 3075 357 3122 ad
364 3076 418 3123 rmt
433 3073 487 3132 55OE
534 3082 564 3124 et
571 3075 679 3138 pat-de
691 3072 744 3129 3OE
793 3089 860 3135 quae
872 3074 1047 3136 procedebant

83 3140 136 3198 Μ
196 3155 249 3190 ex
242 3140 309 3260 :zoe
331 3138 384 3198 Μ
459 3139 482 3173 55
496 3140 605 3190 adorent
625 3137 675 3189 AG
735 3142 885 3191 simulacra
906 3139 982 3190 etiam
1003 3137 1047 3194 lt·

81 3205 238 3254 simulachra

535 3275 592 3349 ”595
