2250 3630
76 164 103 224 7.
119 176 188 226 6-18
517 167 590 226 AD'
600 164 809 226 ROMANOS

283 341 337 399 per
349 324 445 399 legem
459 334 550 393 erant,
566 321 768 398 operabantur
782 321 812 380 in
832 323 975 382 membris
991 342 1042 382 no

100 421 225 464 monas.
257 402 358 476 ostris,
386 416 418 463 ut
446 402 657 463 fructificarent
686 401 782 462 morti.
827 405 917 463 Nunc
938 417 1041 464 autem

284 483 373 545 soluti
387 504 491 543 sumus
505 504 524 542 a
538 485 611 559 lege,
628 486 788 544 morientes
807 482 837 542 in
851 503 913 559 quo
928 484 1042 544 detine-

283 565 398 637 bamur,
414 564 502 624 itaut
520 566 685 625 seruiamus
706 564 737 624 in
757 563 891 624 nouitate
911 565 1040 642 spiritus,

283 658 313 706 et
328 665 391 706 non
405 646 436 704 in
451 657 601 705 uetustate
615 645 736 704 litterae.

74 749 224 802 Ex·2⁰·1⁴‚17·
261 748 274 799 7
325 727 408 802 Quid
429 746 500 801 ergo
527 725 684 786 dicemus?
726 727 773 784 lex
794 739 952 801 peccatum
974 730 1043 787 est?

74 800 112 842 D‘·
124 802 144 842 ⁵·
154 804 184 851 ¹⁸³
194 816 224 843 ²¹·
284 807 380 868 Absit.
424 808 484 866 Sed
502 820 659 884 peccatum
677 826 740 866 non
758 806 897 884 cognoui,
913 806 971 866 nisi
990 828 1043 885 per

283 891 397 966 legem:
419 908 489 947 nam
504 886 780 963 concupiscentiam
789 886 973 960 nesciebam,
984 889 1041 947 nisi

126 1002 154 1038 11,
163 988 182 1030 3.
193 1004 223 1030 ω,
259 972 330 1029 slex
344 968 473 1029 diceret:
497 971 568 1028 Non
583 967 786 1043 concupisces.
812 968 983 1029 Occasione
992 990 1042 1028 au-

283 1065 344 1110 tem
358 1061 490 1126 accepta,
507 1061 664 1126 peccatum
679 1069 732 1126 per
747 1051 923 1109 mandatum
938 1069 1042 1126 opera-

284 1145 347 1190 tum
362 1142 407 1191 est
422 1130 453 1189 in
468 1151 516 1190 me
530 1150 652 1190 ornnem
661 1127 958 1205 concupiscentiam:
977 1130 1041 1190 sine

259 1215 348 1290 9lege
364 1215 444 1270 enim
459 1224 617 1288 peccatum
633 1223 784 1270 mortuum
799 1221 869 1269 erat.
915 1212 983 1287 Ego
992 1233 1043 1271 au·

283 1305 344 1353 tem
366 1293 506 1352 uiuebam
530 1291 595 1352 sine
614 1294 678 1368 iege
697 1290 879 1366 aliquando}
901 1294 957 1352 sed
972 1313 1041 1353 cum

106 1386 157 1429 neu.
167 1387 196 1428 18.
206 1401 224 1437 s.
245 1398 274 1433 10
286 1376 417 1433 uenisset
436 1375 621 1444 mandatum,
638 1383 795 1448 peccatum
816 1371 931 1432 reuixit.
977 1377 1041 1451 Ego

92 1437 225 1538 Κῖξζζῗοῇξ
282 1468 383 1514 autem
410 1466 543 1513 mortuus
566 1473 650 1513 sum:
671 1465 701 1512 et
722 1452 878 1512 inuentum
900 1465 946 1513 est
970 1454 1041 1512 mihi

283 1537 458 1595 mandatum
479 1536 562 1610 quod
579 1545 641 1594 erat
659 1536 699 1593 ad
721 1533 821 1606 uitam,
841 1535 900 1593 hoc
917 1555 985 1594 esse
1002 1537 1041 1594 ad

88 1639 170 1681 cena,
182 1643 225 1682 ως,
246 1642 272 1674 11
284 1629 420 1681 mortem.
464 1618 542 1674 Nam
561 1626 729 1692 peccatum,
743 1614 902 1674 occasione
917 1628 1042 1691 accepta

235 1715 237 1722 ·
282 1718 334 1774 per
345 1699 529 1770 mandatum,
542 1695 660 1757 seduxit
669 1717 726 1769 me,
732 1708 761 1756 et
773 1715 825 1772 per
834 1695 908 1756 illud
919 1696 1039 1756 occidit.

91 1793 166 1835 rum.
177 1794 196 1835 r.
206 1796 224 1835 a
245 1781 389 1855 ultaque
405 1782 451 1838 lex
465 1778 588 1856 quidem
603 1791 714 1850 sancta,
731 1789 761 1836 et
775 1777 954 1836 mandatum
976 1798 1040 1837 san-

242 1884 270 1933 13
283 1874 372 1932 ctum,
380 1873 409 1920 et
421 1859 540 1933 iustum,
553 1870 582 1918 et
594 1860 719 1919 bonurn.
740 1859 832 1933 Quod
843 1877 914 1933 ergo
925 1858 1040 1918 bonum

282 1956 327 2001 est
342 1940 423 2014 mihi,
440 1943 611 2001 factumest
626 1942 728 1999 mors?
757 1937 855 1998 Absit.
899 1941 960 1998 Sed
976 1959 1041 2015 pec-

283 2037 392 2095 catum,
404 2036 436 2082 ut
445 2035 585 2098 appareat
597 2033 763 2098 peccatum,
774 2039 826 2096 per
838 2019 954 2079 bonum
967 2018 1041 2078 mihi

283 2116 438 2179 operatum
453 2115 498 2162 est
518 2114 662 2163 mortem:
685 2113 717 2161 ut
738 2103 789 2161 fiat
806 2121 896 2177 supra
915 2101 1041 2161 modum

128 2196 225 2246 netur
244 2209 273 2256 14
284 2204 412 2260 peccans
433 2195 590 2259 peccatum
612 2202 664 2258 per
685 2183 871 2243 mandatum.
923 2183 1041 2242 Scimus

149 2247 188 2296 ‘⁵¹'
198 2251 225 2298 ⁵*
283 2263 362 2323 enim
378 2265 461 2340 quod
473 2267 519 2323 lex
528 2262 665 2339 spiritalis
676 2276 721 2323 est
735 2287 742 2323 ε
764 2283 820 2340 ego
827 2274 929 2322 autem
941 2283 1041 2322 carna·

242 2370 271 2418 15
282 2344 318 2403 lis
332 2364 407 2416 sum,
424 2347 615 2404 uenundatus
625 2344 682 2406 sub
692 2357 825 2421 peccato.
856 2344 951 2418 Quod
960 2343 1041 2404 enim

282 2445 397 2502 operor,
413 2445 475 2484 non
490 2425 639 2502 intellego.
678 2428 707 2483 N
710 2445 750 2484 on
765 2423 845 2483 enim
860 2425 946 2499 quod
961 2427 1040 2496 uolo,

243 2519 272 2568 16
282 2510 340 2567 hoc
348 2527 405 2584 ago
418 2529 424 2565 :
446 2509 500 2566 sed
511 2508 595 2584 quod
607 2504 667 2576 odi,
679 2505 752 2564 illud
764 2506 848 2564 facio.
893 2507 924 2564 Si
938 2515 1040 2566 autem

282 2590 365 2666 quod
376 2590 455 2660 n010,
468 2588 543 2649 illud
556 2588 642 2659 facio,
654 2585 811 2646 consentio
821 2584 888 2661 legi,
895 2585 1041 2661 quoniam

243 2692 271 2743 17
284 2671 371 2730 bona.
396 2671 425 2730 N
428 2689 487 2729 unc
501 2680 604 2729 autem
619 2667 677 2727 iam
692 2686 754 2727 non
763 2686 820 2744 ego
834 2685 944 2744 operor
957 2666 1040 2738 illud,

112 2761 166 2802 Gen·
176 2761 195 2800 ⁶·
207 2775 225 2811 s,
246 2765 274 2811 18
286 2754 338 2812 sed
353 2753 437 2828 quod
453 2749 567 2811 habitat
584 2748 614 2808 in
624 2768 672 2808 me
682 2760 848 2824 peccatum.
874 2747 946 2808 Scio
960 2747 1040 2808 enim

108 2811 224 2912 10bffi'4ffss
283 2832 353 2910 quia
368 2853 430 2892 non
440 2831 554 2890 habitat
569 2830 600 2889 in
615 2850 671 2901 me,
685 2830 743 2888 hoc
755 2843 799 2888 est
814 2827 845 2886 in
859 2848 951 2889 carne
965 2849 1038 2899 mea,

132 2971 149 3003 a
163 2960 234 3017 1030,
247 2960 400 3005 morientes
416 2957 447 3002 in
464 2968 521 3010 quo
538 2969 597 3001 cum
614 2949 709 2998 A*G*:
727 2949 817 3007 alege
835 2951 934 3007 mortis,
948 2951 975 2997 in
992 2964 1040 3010 qua

74 3022 134 3084 (quo
149 3021 226 3085 G‘H)
239 3017 486 3074 atebfutflvzu
561 3017 581 3050 ¹³
598 3016 700 3078 dr'str'ng.
710 3014 806 3062 bonum
815 3020 865 3071 est,
874 3015 938 3064 mihi
947 3015 1040 3064 sactum

73 3085 126 3142 Μ
178 3094 352 3147 >operatum
363 3096 404 3133 est
416 3083 479 3132 mihi
492 3081 545 3138 ,Μ
610 3080 632 3115 ¹4
643 3085 737 3140 quod:
753 3080 811 3141 quia
822 3077 876 3135 §OE
943 3080 1040 3130 ¹⁸uolo

81 3150 311 3209 ÷bonurnFV5OE
361 3147 623 3205 odi÷ma1u1nf5ut
688 3145 944 3204 “bonaeestzc

532 3227 580 3289 37⁶
