2250 3630
98 161 146 220 19.
163 170 246 234 27·38
288 127 290 133 ’
435 154 575 219 Actus
597 157 918 219 Arosrotoxuu

304 315 432 389 turbam,
454 314 576 376 dicens:
600 313 753 390 Quoniam
771 335 834 375 non
854 327 923 375 sunt
943 314 993 388 dii,
1011 316 1065 392 qui

264 415 294 472 ²7
305 396 446 457 manibus
461 398 545 456 liunt
590 398 661 456 Non
672 397 771 456 solum
785 407 884 456 autem
899 398 975 456 haec
989 397 1066 474 peri·

267 491 270 498 “
304 476 454 538 clitabitur
468 476 556 536 nobis
571 496 639 554 pars
654 475 686 536 in
699 478 939 554 redargutionem
950 477 1063 552 uenire,

306 560 360 619 sed
380 569 410 618 et
432 577 558 635 magnae
581 557 698 618 Dianae
719 560 865 634 templum
883 560 915 618 in
935 558 1065 620 nihilum

306 638 500 717 reputabitur,
523 639 577 698 sed
598 651 627 698 et
648 639 760 698 destrui
782 637 903 715 incipiet
924 642 1065 702 maiestas

267 734 297 781 28
309 719 381 793 eius,
397 736 488 798 quam
503 730 566 778 tota
585 718 658 778 Asia
674 733 703 778 et
718 719 798 779 orbis
813 719 893 779 colit.
937 721 996 780 His
1015 742 1067 782 au·

307 801 385 874 ditis,
413 799 516 878 repleti
539 811 608 859 sunt
631 801 680 872 ira,
707 812 737 860 et
760 802 1000 861 exclamauerunt
1022 802 1068 862 di-

189 901 250 953 aaa
267 908 298 958 ²9
308 895 429 941 centes:
451 884 564 959 Magna
584 879 684 941 Diana
703 880 912 958 Ephesiorum.
956 884 995 941 Et
1013 885 1067 942 im-

108 952 211 1046 }{211}
218 967 249 1050 33
309 963 388 1040 pleta
402 973 447 1022 est
461 961 566 1022 ciuitas
581 961 767 1034 confusione,
783 974 813 1022 et
830 961 975 1040 impeturn
990 964 1067 1022 fece·
1100 1008 1103 1016 .

153 1053 250 1108 ³10b1-
308 1055 376 1103 runt
398 1063 460 1103 uno
477 1043 580 1103 animo
597 1042 627 1101 in
648 1044 805 1115 theatrum,
829 1055 913 1119 rapto
935 1042 1013 1103 Gaio
1036 1057 1066 1104 et

308 1125 480 1186 Aristarcho
514 1123 744 1197 Macedonibus,
776 1123 936 1184 comitibus
969 1125 1064 1184 Pauli.

266 1230 298 1278 3ο
309 1207 402 1266 Paulo
416 1219 517 1266 autem
532 1207 652 1265 uolente
668 1204 775 1263 intrare
787 1203 817 1262 in
831 1206 985 1280 populum,
1003 1227 1066 1264 non

267 1312 297 1359 31
309 1287 506 1364 permiserunt
520 1285 667 1363 discipuli.
712 1284 845 1360 Quidam
859 1297 961 1347 autem
976 1298 1006 1346 et
1026 1289 1066 1346 de

308 1367 399 1427 Asiae
410 1366 601 1444 principibus,
618 1365 670 1443 qui
686 1378 769 1426 erant
788 1365 877 1424 amici
892 1365 964 1438 eius,
980 1367 1068 1426 mise-

309 1459 376 1507 runt
386 1450 504 1508 adeum
516 1458 653 1523 rogantes
665 1467 704 1507 ne
718 1448 845 1507 sedaret
860 1447 891 1505 in
906 1448 1064 1506 theatrum.

267 1553 296 1600 32
310 1528 370 1587 Alii
384 1540 484 1609 autem
499 1527 580 1588 aliud
595 1528 784 1587 clamabant:
806 1526 958 1586 eratenim
973 1531 1068 1589 eccle-

309 1609 351 1669 sia
361 1610 485 1668 confusa
496 1632 503 1669 ε
525 1620 554 1669 et
565 1610 662 1685 plures
674 1608 848 1669 nesciebant
858 1627 917 1684 qua
928 1628 965 1667 ex
976 1629 1067 1668 causa

100 1723 250 1773 33333333),
268 1714 298 1762 33
311 1689 530 1750 conuenissent.
573 1692 621 1749 De
641 1691 728 1750 turba
749 1702 849 1749 autern
875 1691 1067 1750 detraxerunt

309 1772 521 1845 Alexandrum,
558 1770 793 1848 propellentibus
828 1790 898 1830 eum
933 1770 1065 1831 Iudaeis,

308 1853 478 1912 Alexander
492 1871 561 1928 ergo
577 1872 666 1910 manu
681 1851 799 1911 silentio
814 1853 975 1929 postulato,
984 1854 1067 1912 uole-

267 1935 361 2005 34=bat
379 1933 526 1993 rationem
544 1933 669 1992 reddere
688 1934 809 2010 populo
850 1935 950 2008 Quem
971 1947 1068 1993 uteo

310 2025 478 2092 gnouerunt
488 2015 634 2086 Iudaeum
643 2033 717 2086 esse,
723 2033 783 2073 uox
793 2016 870 2073 sacta
879 2027 922 2074 est
934 2034 995 2076 una
1004 2036 1068 2075 om-

310 2098 404 2168 nium,
433 2093 517 2171 quasi
552 2114 604 2171 per
632 2096 720 2155 horas
749 2097 824 2155 duas
852 2096 1067 2156 clamantium:

267 2200 297 2248 33
311 2178 423 2252 Magna
435 2174 533 2235 Diana
547 2175 753 2252 Ephesiorum.
799 2179 917 2236 Etcum
932 2179 1067 2237 sedasset

310 2257 407 2316 scriba
425 2257 535 2330 turbaS,
551 2256 644 2316 dixit:
667 2258 734 2318 Uiri
755 2256 885 2334 Ephesii,
903 2257 970 2333 quis
985 2258 1066 2319 enim

309 2351 353 2398 est
376 2337 541 2411 hominum,
566 2338 617 2415 qui
641 2338 753 2398 nesciat
775 2336 976 2415 Ephesiorum
997 2339 1067 2399 ciui·

310 2431 402 2479 tatem
412 2418 564 2478 cultricem
574 2438 640 2479 esse
650 2438 774 2496 magnae
784 2419 909 2491 Dianae,
922 2419 1067 2499 Iouisque

180 2527 181 2530 ¹
269 2509 301 2571 36
312 2499 425 2576 prolis?
467 2501 545 2562 Cum
560 2519 630 2577 ergo
645 2499 690 2559 his
705 2499 869 2560 contradici
883 2519 948 2560 non
962 2501 1064 2579 possit,

310 2593 427 2657 oportet
438 2601 493 2641 uos
504 2583 623 2641 sedatos
635 2600 707 2653 esse,
721 2591 750 2640 et
762 2579 835 2639 nihil
846 2593 959 2641 temere
969 2602 1065 2660 agere.

269 2682 299 2734 37
312 2660 486 2722 Adduxistis
506 2661 586 2721 enirn
605 2660 743 2721 homines
762 2661 843 2734 istos,
865 2681 965 2739 neque
983 2663 1067 2723 sacri·

311 2745 400 2820 legos,
424 2762 523 2820 neque
543 2744 786 2820 blasphemantes
811 2744 901 2803 deam
926 2756 1065 2804 uestram.

269 2835 298 2892 38
311 2823 438 2897 Quodsi
450 2823 621 2884 Demetrius
631 2837 661 2884 et
671 2827 723 2902 qui
733 2845 803 2884 curn
814 2844 852 2883 eo
861 2835 931 2884 sunt
940 2824 1066 2884 artifices

310 2905 422 2964 habent
441 2905 584 2964 aduersus
603 2905 733 2983 aliquem
752 2925 881 2976 causam,
899 2920 1066 2966 conuentus

137 3072 154 3102 ³¹
175 3073 300 3128 darent}
368 3076 389 3107 ³³
405 3091 485 3134 ergo:
505 3083 589 3125 autem
602 3075 654 3132 §tl
718 3076 865 3132 >reddere
877 3075 1006 3125 rationem
1018 3073 1066 3132 ΞΘ

104 3136 125 3168 ³⁴
144 3147 171 3194 >
183 3152 232 3185 una
244 3147 283 3186 est
296 3138 348 3193 Μ

563 3220 611 3283 33⁶
675 3208 676 3212 ’
