2250 3630
341 188 585 250 PRAEFATIO
609 191 669 248 AD
695 189 930 252 LECTOREM

333 347 441 408 ueteris
455 347 600 408 uersionis
614 346 768 420 turbatus3
787 357 900 406 textum
915 345 1064 424 optimum

333 443 462 505 familiae
480 447 611 506 Gallicae
630 442 843 514 meridionalis,
860 454 893 503 ut
911 443 1000 504 nobis
1023 443 1064 504 ui-

332 544 427 616 detur,
444 542 572 602 exhibet.

254 670 284 727 H
300 691 330 719 =
345 668 450 728 Codex
466 665 632 725 Bibliorum
644 665 858 738 ffiibertianua
871 684 952 724 nunc
965 667 1065 726 Musei

336 763 499 825 Britannici
517 765 596 824 Add.
612 783 710 836 24142
723 762 813 840 (saec.
828 779 862 820 rx
873 764 922 823 uel
937 763 992 843 x);
1006 775 1067 825 tex-

334 873 397 922 tum
418 861 530 921 bonun*
555 871 583 920 et
603 859 758 936 an²³quum
781 871 938 920 conseruat
958 881 1066 939 magna

334 980 370 1019 ex
384 969 467 1036 parte
481 978 549 1017 cum
566 957 719 1017 Amiatino
738 959 971 1018 concordantem
984 981 992 1033 3
1012 962 1072 1020 sed*

335 1058 416 1116 haud
444 1076 509 1114 raro
537 1065 686 1115 corrector
714 1054 857 1115 lectiones
884 1056 1066 1117 recensionis

337 1153 562 1230 Theodulfianae
576 1155 608 1212 in
623 1152 755 1230 margine
769 1152 927 1229 adscripsit
939 1175 948 1227 ς
968 1155 1066 1214 Theo-

335 1252 435 1312 dulfus
463 1250 544 1311 enirn
574 1250 733 1327 episcopus
758 1261 819 1308 erat
844 1251 1065 1310 Aurelianensis

335 1369 404 1409 no.
424 1352 561 1424 788-821
582 1359 612 1407 et
633 1348 664 1407 in
685 1358 766 1407 textu
787 1347 953 1407 Bibliorum
967 1368 1067 1408 emen-

334 1449 436 1508 dando
451 1449 578 1505 multum
599 1445 766 1506 desudauit.
811 1444 1003 1506 Hubertiano
1017 1448 1067 1507 de-

335 1557 404 1604 sunt
418 1547 513 1604 Actus
528 1547 751 1621 Apostolorum,
764 1565 863 1621 neque
877 1547 955 1604 ultra
972 1566 986 1604 1
1001 1549 1064 1605 Pet.

334 1643 371 1701 iv.
389 1662 406 1718 3
422 1641 564 1718 procedit.

253 1768 318 1824 V:
333 1767 437 1828 Codex
453 1765 617 1825 Bibliorum
633 1767 839 1825 Vallicellonrrs
851 1768 883 1824 B.
896 1764 934 1837 ri,
948 1769 1065 1826 Romae

333 1874 467 1922 seruatus
488 1861 578 1938 (saec.
599 1861 665 1941 rx);
687 1866 839 1940 specimen
860 1863 1017 1940 optimum,
1033 1877 1065 1924 ut

284 1969 290 1973 '
334 1959 460 2032 uidetur,
477 1959 871 2032 recensionisAlcm'm'anne‚
883 1959 924 2018 ab
935 1961 1065 2022 Alcuino

333 2056 414 2117 iussu
435 2057 536 2120 Caroli
553 2059 662 2142 Magni
687 2071 843 2136 susceptae
864 2068 894 2118 et
914 2076 984 2118 nn.
1007 2063 1062 2119 801

242 2152 246 2157 ’
334 2156 490 2233 perfectae.
550 2157 586 2213 In
616 2155 787 2232 Euangeliis
822 2157 897 2214 haec
931 2159 1066 2216 recensio

235 2262 238 2267 '
333 2254 462 2312 maxime
477 2273 546 2312 cunr
562 2254 716 2312 Amiatino
730 2254 902 2325 concordat,
913 2251 943 2310 in
960 2253 1065 2312 ceteris

333 2369 406 2410 uero
420 2351 500 2409 Noui
517 2349 702 2409 Testamenti
718 2350 800 2409 libris
815 2370 882 2408 curn
901 2351 1055 2411 Fuldensi.

252 2491 372 2550 Praeter
399 2491 454 2549 hos
484 2502 598 2567 septem
627 2491 755 2559 codices,
782 2509 859 2566 quos
887 2474 940 2568 per
968 2501 1065 2550 toturn

212 2587 335 2650 Nouum
360 2590 587 2660 Testamentum
617 2590 715 2647 testati
740 2608 852 2661 sumus,
879 2589 942 2647 duo
967 2591 1067 2648 Euan-

212 2687 355 2764 geliorum
365 2686 485 2747 codices
495 2686 661 2757 citauimus,
672 2707 740 2745 cum
752 2697 874 2764 propter
886 2697 1065 2754 uetustatem

211 2794 275 2845 turn
285 2796 405 2863 propter
416 2786 620 2844 excellentiam
632 2784 794 2843 lectionum
807 2806 815 2857 ;
834 2786 929 2843 codex
940 2795 1066 2861 uterque

212 2901 249 2942 ex
263 2882 349 2944 Italia
363 2881 506 2961 originem
523 2884 637 2942 trabere
652 2882 778 2955 uidetur,
795 2880 907 2940 scilicet

255 3014 288 3071 M
302 3012 454 3074 :Codex
484 3013 713 3089 Euangeliorum
739 3013 967 3072 Mediolanensis
995 3015 1067 3070 Arn-

335 3109 490 3171 brosianus
505 3109 540 3171 C.
558 3131 594 3185 39
612 3112 668 3168 Ins.
684 3113 774 3186 (saec.
790 3116 845 3183 vr).

616 3230 666 3266 rur
