2478 3730
158 228 204 286 19.
221 241 310 297 31-44'
535 222 776 284 SECUNDUM
799 221 951 282 LUCAM

366 376 559 450 introeuntes,
583 377 741 448 inuenietis
765 380 880 454 pullum
902 379 1002 438 asinae
1022 376 1119 454 alliga-

365 473 438 531 tum,
452 459 501 518 cui
515 479 606 520 neruo
617 478 761 534 umquam
776 457 934 517 hominum
949 457 1044 520 sedit:
1065 461 1119 519 sol-

324 565 351 612 31
367 539 429 598 uite
444 539 528 600 illum
543 552 573 599 et
587 539 735 600 adducite.
749 610 751 614 ι
768 541 808 598 Et
819 538 843 598 si
856 539 922 615 quis
934 559 989 598 uos
1001 539 1120 600 interro

365 620 497 697 gauerit:
520 622 621 694 Quare
635 619 774 680 soluitis?
796 620 838 679 sic
854 619 960 680 dicetis
971 619 1016 680 ei:
1041 621 1120 695 Quia

303 727 354 780 ,32
370 701 520 760 Dominus
541 721 664 778 operam
685 701 749 761 eius
771 701 929 763 desiderat.
973 700 1120 760 Abierunt
1134 700 1170 752 {³}

367 794 467 843 autem
488 782 542 859 qui
562 781 644 842 missi
664 799 766 844 erant:
796 795 826 842 et
847 781 1025 842 inuenerunt
1045 781 1120 842 sicut
1147 777 1157 800 ²

324 890 356 937 33
367 863 441 925 dixit
452 862 517 936 illis,
528 875 655 924 stantem
664 865 788 941 pullum.
816 864 1009 924 Soluentibus
1019 876 1120 922 autem

367 944 425 1006 illis
445 946 569 1021 pullum,
592 944 730 1007 dixerunt
752 946 867 1004 domini
890 943 1014 1005 eiusad
1035 945 1119 1004 illos:

325 1053 358 1100 ³4
369 1024 452 1102 Quid
464 1025 579 1086 soluitis
593 1028 733 1104 pullum?
754 1029 796 1085 At
807 1024 850 1102 illi¹
861 1027 999 1086 dixerunt
1011 1049 1017 1086 :
1040 1024 1120 1100 Quia

325 1132 356 1182 35
369 1105 518 1168 Dominus
532 1127 602 1168 eum
617 1106 818 1168 necessarium
832 1107 933 1166 habet.
977 1108 1018 1166 Et
1032 1108 1121 1168 duxe-

367 1200 436 1248 runt
447 1187 530 1247 illum
540 1190 580 1248 ad
592 1190 712 1262 Iesum„
739 1190 778 1248 Et
789 1186 934 1246 iactantes
943 1186 1122 1248 uestimenta

232 1294 310 1344 areg.
326 1281 358 1342 36
368 1289 423 1330 sua
433 1289 522 1346 supra
532 1271 656 1345 pullum,
666 1269 861 1345 inposuerunt
873 1270 984 1328 Iesum.
1021 1270 1121 1329 Euntc

156 1344 310 1395 (ΛΨ-13·
368 1364 469 1410 autem
491 1349 549 1423 illo,
569 1350 799 1410 substernebant
818 1348 999 1409 uestimenta
1015 1368 1069 1409 sua
1090 1352 1121 1409 in

325 1450 355 1503 ³7
368 1431 424 1490 uia.
470 1432 592 1490 Etcum
607 1430 859 1508 adpropinquaret
874 1429 933 1490 iarn
948 1432 988 1491 ad
999 1432 1122 1490 descen·
1136 1421 1174 1470 32⁴

366 1531 433 1570 sum
448 1510 559 1570 montis
580 1511 701 1584 Oliueti,
717 1524 881 1588 coeperunt
895 1531 1001 1571 omnes
1016 1511 1122 1572 turbae
1153 1498 1162 1522 ¹

366 1593 546 1652 discentium
574 1596 738 1669 gaudentes
766 1595 887 1653 laudare
917 1595 1017 1651 Deum
1045 1611 1122 1651 uoce

366 1692 475 1749 magna
488 1692 577 1748 super
590 1674 739 1747 omnibus,
756 1694 830 1751 quas
845 1673 991 1743 uiderant,
1007 1669 1124 1731 uirtuti-

156 1774 306 1825 Psurueiae.
325 1766 356 1825 38
367 1754 432 1826 bus,
451 1751 455 1788 ¹
471 1754 624 1814 dicentes:
646 1756 827 1814 Benedictus
847 1753 898 1830 qui
919 1754 1003 1812 uenit
1022 1773 1073 1812 rex
1090 1752 1123 1811 in

202 1823 268 1866 Μ·
280 1839 309 1874 ¹⁴·
367 1833 491 1894 nomine
503 1835 645 1895 Domini:
662 1855 720 1911 pax
733 1833 763 1893 in
779 1837 871 1906 caelu,
882 1847 912 1893 et
926 1832 1020 1911 gloria
1028 1832 1061 1892 in
1075 1854 1124 1894 ex-

326 1941 358 1990 39
369 1917 463 1975 celsis.
509 1919 549 1974 Et
569 1915 691 1992 quidam
716 1916 943 1974 Pharisaeorum
964 1917 1004 1975 de
1025 1914 1123 1975 turbis
1136 1911 1176 1962 3³?

268 2021 271 2028 ⁴
366 1996 504 2058 dixerunt
517 1999 557 2058 ad
571 1996 672 2054 illum:
694 1997 844 2072 Magister,
857 1995 978 2073 increpa
993 1995 1125 2073 discipu·
1152 1987 1164 2022 ⁵

322 2103 356 2150 40
367 2080 411 2138 los
426 2091 504 2137 tuos.
546 2077 665 2152 Quibus
684 2076 748 2152 ipse
762 2078 819 2137 ait:
844 2076 923 2136 Dico
937 2076 1033 2150 uobis,
1049 2079 1123 2154 quia

366 2158 390 2217 si
405 2157 436 2217 hi
452 2157 604 2230 tacuerint,
622 2159 737 2233 lapides
752 2158 932 2218 clamabunt.
1165 2216 1177 2253 ὁ

198 2280 263 2320 4144
324 2264 354 2310 41
380 2245 382 2252 '
409 2242 449 2299 Et
458 2251 491 2298 ut
499 2237 1027 2315 adpropinquauit,uidensciuitatem
1037 2239 1123 2298 fleuit
1138 2228 1174 2280 3³-

198 2329 230 2368 1³·
241 2345 310 2381 anas,
325 2345 356 2392 4²
369 2339 457 2396 super
471 2319 560 2390 illam,
578 2317 582 2354 ¹
598 2319 719 2380 dicens:
741 2317 822 2394 Quia
840 2318 865 2378 si
885 2319 1078 2396 cognouisses
1092 2333 1123 2380 et
1148 2301 1171 2326 ¹⁰

155 2379 311 2482 Μῑὲζζξζζ
369 2413 410 2472 tu,
425 2413 455 2459 et
474 2399 596 2476 quidem
611 2400 643 2459 in
662 2402 719 2458 hac
733 2398 782 2459 die
796 2412 855 2470 tua,
868 2418 946 2476 quae
959 2401 999 2459 ad
1013 2419 1122 2476 pacem

192 2492 308 2546 neaera
369 2481 441 2540 tibi!
466 2501 547 2540 nunc
564 2495 664 2540 autem
683 2481 860 2541 abscondita
879 2492 949 2540 sunt
967 2481 1006 2540 ab
1023 2481 1123 2541 oculis

264 2618 267 2627 ,
323 2588 355 2635 43
367 2565 433 2622 tuis.
478 2561 558 2637 Quia
572 2562 695 2622 uenient
714 2563 778 2622 dics
798 2561 890 2622 inte:
912 2574 941 2620 et
956 2563 1124 2622 circumda-

366 2643 441 2702 bunt
456 2656 487 2703 te
501 2642 612 2702 inimici
627 2643 671 2703 tui
685 2644 771 2708 uallo.
786 2656 815 2702 et
826 2642 1056 2702 circumdabunt
1071 2655 1123 2702 te:
1219 2631 1220 2656 ¹

249 2744 307 2784 aas.
323 2752 355 2797 44
366 2737 396 2784 et
413 2725 653 2802 coangustabunt
671 2735 701 2784 tc
719 2725 871 2800 undique:
888 2723 994 2782 'etad
1011 2736 1124 2782 terram

156 2792 308 2846 ¹³⁵·¹3⁶(⁷'·⁷·⁹·
366 2817 555 2883 prosternent
569 2819 606 2878 te,
618 2818 647 2866 et
661 2807 737 2864 filios
748 2817 816 2863 tuos
827 2803 878 2880 qui
893 2804 925 2862 in
938 2815 969 2862 te
983 2817 1071 2864 sunt:
1093 2817 1126 2864 et
1141 2796 1177 2848 3³]

366 2907 429 2947 non
438 2886 606 2963 relinquent
615 2886 681 2946 inte
690 2883 914 2961 lapidemsuper
923 2883 1070 2959 lapidem:
1084 2906 1125 2945 eo
1156 2873 1166 2895 ³

365 2970 448 3045 quod
461 2988 521 3028 non
533 2966 709 3044 cognoueris
720 2980 838 3042 tempus
850 2965 1027 3026 uisitationis
1040 2979 1123 3026 tuae.

187 3133 208 3165 ⁸⁷
225 3121 397 3184 discentium
412 3131 478 3182 GM:
503 3131 714 3179 descendentium
729 3128 917 3190 Acorea&
935 3127 1125 3190 discipulorum

156 3198 208 3255 Μ
217 3217 229 3260 ;,
241 3198 337 3260 esdoh.
350 3198 391 3248 21.
407 3213 435 3245 12

614 3275 660 3339 196
