2250 3630
174 124 179 134 ’
239 163 480 223 sucuxnmr
504 161 742 222 rormrmmt
940 165 967 224 4.
986 179 1075 238 33-51·

109 321 161 399 qui
176 319 312 391 seminat,
325 330 355 380 et
369 318 444 380 alius
459 329 503 380 est
517 317 579 395 qui·
588 319 680 380 metit.
719 322 784 398 Ego
799 320 864 379 misi
876 334 905 391 38

110 423 165 462 uos
177 413 289 461 metere
299 403 382 478 quod
393 420 448 460 uos
458 420 521 459 non
530 399 685 472 laborastis
696 420 702 458 :
724 401 774 459 alii
785 401 866 460 labo

111 494 258 554 rauerunt‚
274 493 304 541 et
319 501 374 542 uos
388 481 419 541 in
433 483 567 541 laborem
582 500 686 540 eorum
700 480 850 541 introistis.

152 566 199 622 Ex
212 563 333 621 ciuitate
346 573 447 622 autem
462 561 511 621 illa
525 561 610 620 multi
626 564 815 622 crediderunt
834 563 864 621 in
875 588 905 637 39

112 664 182 705 eum
194 643 454 714 Samaritanorum,
466 653 586 718 propter
597 643 722 701 uerbum
735 645 865 703 mulieris

112 723 315 784 testimonium
324 723 506 799 perhibentis
517 744 523 781 :
545 722 625 797 Quia
636 723 710 782 dixit
721 723 793 782 mihi
804 744 865 783 om-

111 806 160 865 nia
175 823 382 881 quaecumque
396 805 461 862 ieci.
490 803 569 864 Cum
580 802 732 863 uenissent
746 823 817 881 ergo
826 807 865 864 ad
876 831 907 877 40

112 887 195 946 illum
207 884 391 957 Samaritani,
402 894 579 961 rogauerunt
588 903 657 943 eum
667 896 700 943 ut
711 884 753 943 ibi
767 905 865 944 mane

112 978 174 1027 ret:
190 978 220 1026 et
234 964 343 1024 mansit
354 964 395 1023 ibi
407 967 482 1024 duos
496 964 569 1024 dies
603 967 642 1023 Et
657 967 751 1023 multo
765 968 863 1042 plures
873 992 903 1039 41

112 1047 302 1107 crediderunt
312 1058 430 1122 propter
439 1065 606 1105 sermonem
618 1045 693 1104 eius:
709 1057 738 1104 et
748 1046 862 1106 mulieri
872 1072 902 1120 4²
923 1070 931 1095 ι
944 1055 988 1094 lob·
999 1055 1017 1093 4·
1029 1069 1058 1103 ιι-

113 1129 271 1189 dicebant:
294 1126 373 1202 Quia
384 1126 443 1185 iam
454 1146 515 1185 non
528 1137 648 1203 propter
656 1138 738 1185 tuam
753 1129 864 1203 loquel-

114 1213 173 1269 lam
188 1208 337 1268 credimus
348 1230 355 1267 ε
370 1207 425 1285 ipsi
434 1207 514 1267 enim
524 1207 702 1279 audiuimus,
713 1219 743 1266 et
754 1208 864 1267 scimus

113 1290 184 1368 quia
198 1289 247 1349 hic
261 1301 306 1349 est
320 1309 389 1348 uere
404 1291 538 1348 Saluator
553 1289 667 1348 mundi.

61 1389 99 1439 m
156 1375 227 1430 Post
242 1372 318 1430 duos
331 1382 432 1429 autem
446 1369 510 1428 dies
524 1368 594 1429 exiit
608 1369 688 1442 inde,
700 1381 730 1430 et
744 1369 816 1429 abiit
832 1371 862 1427 in
871 1394 903 1442 43
921 1393 962 1432 Mt.
971 1393 991 1432 4.
1001 1407 1031 1440 η,

61 1474 97 1521 φ
114 1453 287 1513 Galilaeam.
321 1453 390 1527 Ipse
399 1449 480 1509 enim
492 1453 576 1510 Iesus
586 1451 789 1511 testimonium
801 1470 906 1527 per-44
923 1443 966 1482 ΜΕ·
978 1444 995 1481 ¹·
1007 1457 1037 1490 ¹⁴·
1109 1455 1111 1461 '

114 1532 286 1609 hibuitquia
294 1533 440 1608 propheta
448 1530 479 1588 in
489 1551 543 1590 sua
551 1531 644 1608 patria
654 1534 865 1592 honoremnon
924 1501 1047 1600 iiiiiis34⁵⁷'

75 1601 214 1672 ³-⁶habet.
258 1614 336 1672 Cum
351 1631 421 1688 ergo
435 1611 566 1671 uenisset
586 1612 616 1670 in
631 1612 803 1684 Galilaeam,
820 1631 867 1671 ex·
875 1636 906 1685 45
925 1601 1030 1699 {3⁴3²}

76 1686 100 1711 ¹⁰
114 1703 258 1771 ceperunt
279 1712 348 1751 eum
368 1691 503 1766 Galilaei,
519 1713 587 1752 cum
608 1693 709 1753 omnia
723 1692 868 1752 uidissent
1023 1674 1040 1708 ³⁴

114 1795 192 1851 quae
204 1776 312 1833 iecerat
325 1773 542 1850 Hierosolymis
554 1774 643 1834 indie
654 1776 730 1833 festo
742 1796 748 1831 ε
771 1784 801 1832 et
812 1771 868 1850 ipsi

115 1855 197 1914 enim
211 1864 355 1915 uenerant
368 1854 400 1912 in
414 1854 495 1913 diem
511 1857 628 1915 festum.

157 1935 251 1996 Uenit
270 1955 339 2012 ergo
357 1935 463 1994 iterum
483 1936 514 1994 in
534 1938 619 1997 Cana
637 1935 797 2008 Galilaeae,
813 1935 865 1995 ubi
876 1947 907 2008 46
922 1953 941 1993 2.
954 1967 970 1992 ι.

76 2010 100 2065 ³?
115 2016 186 2076 fecit
199 2037 308 2094 aquam
323 2017 435 2076 uinum.
480 2019 519 2075 Et
530 2028 591 2077 erat
602 2017 724 2094 quidam
739 2019 864 2093 regulus,
925 2003 1060 2093 ἷίζῗξξξξ

82 2086 94 2122 ³
114 2097 200 2158 cuius
222 2097 298 2156 filins
317 2098 522 2157 infirmabatur
542 2100 760 2174 Caphamaum.
805 2096 907 2169 Hic47
1034 2102 1036 2106 ‘

115 2199 185 2239 cum
196 2178 328 2238 audisset
339 2181 408 2256 quia
421 2183 506 2239 Iesus
518 2181 673 2239 adueniret
683 2200 701 2239 a
713 2181 826 2239 Iudaea
837 2177 867 2236 in

115 2262 289 2332 Galilaeam‚
309 2260 383 2319 abiit
403 2263 443 2320 ad
464 2282 533 2319 eum
554 2272 583 2320 et
604 2262 726 2338 rogabat
748 2279 816 2320 eum
836 2271 869 2317 ut
928 2272 931 2277 ·

116 2343 319 2413 descenderet,
333 2352 363 2400 et
374 2354 489 2403 sanaret
499 2343 591 2401 filium
604 2341 666 2401 eius
679 2363 685 2400 ε
708 2340 868 2418 incipiebat

115 2425 197 2483 enim
219 2422 302 2481 mori.
346 2422 428 2482 Dixit
448 2444 518 2500 ergo
541 2427 624 2482 lesus
638 2425 677 2482 ad
691 2442 777 2482 eum:
800 2421 866 2480 Nisi
876 2434 907 2494 48
924 2439 942 2480 a,
954 2440 982 2486 n,
991 2438 1009 2479 o.
1020 2453 1050 2491 30.

116 2504 201 2582 signa
212 2515 241 2563 et
253 2503 386 2580 prodigia
401 2504 542 2577 uideritis,
553 2525 615 2563 non
626 2503 754 2564 creditis.
784 2502 867 2562 Dicit
876 2529 908 2576 49

115 2588 155 2645 ad
180 2605 250 2644 eum
276 2586 411 2661 regulus:
446 2585 586 2657 Domine,
614 2587 764 2645 descende
788 2585 868 2661 prius

116 2686 208 2743 qnam
230 2666 369 2725 moriatur
389 2665 466 2726 tilius
486 2687 578 2726 meus
623 2665 705 2725 Dicit
720 2667 746 2725 ei
766 2669 849 2725 Iesus
861 2686 866 2722 :
879 2689 909 2737 50

117 2749 216 2818 Uada,
233 2746 310 2804 filius
329 2758 397 2806 tuus
416 2747 499 2806 uiuit.
542 2746 679 2809 Credidit
698 2748 791 2806 homo
811 2765 869 2805 ser·
982 2811 984 2815 ,

117 2828 209 2899 moni,
221 2846 310 2902 quem
321 2827 395 2887 dixit
404 2829 431 2887 ei
443 2830 537 2900 Iesus,
549 2840 578 2887 et
588 2827 657 2889 ibat.
692 2830 757 2887 Iam
768 2838 867 2886 autem
879 2853 906 2900 5¹

117 2928 155 2967 eo
166 2909 378 2982 descendente,
388 2909 466 2968 serui
475 2921 665 2968 occurrerunt
675 2911 747 2980 ei,et
756 2907 870 2966 nuntia-

150 3073 172 3104 ³⁸
190 3071 291 3123 labores
303 3068 355 3126 Μ
438 3071 774 3122 ¹01⁸0didar=unt÷incum
787 3071 838 3127 Μ
913 3072 932 3102 ⁴2
950 3071 1074 3131 loquelam

117 3137 171 3193 Μ
238 3135 259 3168 ⁴⁸
275 3140 383 3184 turem:
400 3136 432 3184 ad
448 3135 500 3191 Μ,
733 3167 735 3172 »

170 3237 217 3272 nor
578 3228 623 3277 ²25
986 3221 995 3260 1
