2250 3630
75 223 104 282 5.
119 224 253 296 45—6.8
407 223 651 285 SECUNDUM
673 223 929 283 MATTHEUM

115 401 230 452 reeta
247 402 278 451 ⁴5
289 376 537 454 persequentibus
547 386 577 435 et
585 375 837 437 calumniantibus
847 395 921 436 uos:
935 388 969 436 ut
978 376 1043 438 sitis

85 452 230 553 ⁸⁰¹3}ss
288 458 339 516 filii
355 461 450 518 Patris
469 457 560 518 uestri
578 456 676 533 quiin
690 457 781 518 caelis
794 467 858 516 est:
879 456 932 533 qui
946 460 1043 518 solem

182 533 188 543 ’
287 559 375 599 suum
385 538 454 598 oriri
465 538 535 598 facit
546 558 634 614 super
645 537 707 597 bon
751 549 782 597 et
792 539 887 597 malos
899 560 906 597 :
926 550 956 597 et
966 541 1043 615 pluit

123 637 188 680 tat.
198 651 229 688 ῃ,
246 629 279 693 4⁶
290 640 378 696 super
391 619 485 678 iustos
500 632 529 679 et
543 618 678 678 iniustos,
707 557 831 678 §ienim
846 618 975 694 diligatis
989 639 1043 678 eos
1056 622 1080 675 ⁴3

286 702 339 777 qui
354 720 409 760 uos
424 702 560 776 diligunt,
576 719 668 775 quam
684 701 854 760 mercedem
868 699 1044 760 habebitis?
1063 694 1075 732 ⁵

246 801 277 856 47
289 801 391 842 nonne
401 793 432 841 et
445 780 599 858 publicani
609 783 668 840 hoc
679 780 814 840 faciunt?
844 782 885 839 Et
898 781 924 839 si
935 782 1043 840 saluta—

286 861 387 922 ueritis
399 865 500 922 fratres
510 873 625 921 uestros
636 873 762 933 tantum,
774 860 849 937 quid
858 860 988 938 amplius
1002 863 1043 920 sa-

123 957 230 1007 lat-³⁶·
248 956 280 1017 48
291 942 380 1002 citis?
400 963 502 1003 nonne
514 954 544 1003 et
558 942 669 1003 ethnici
685 944 744 1001 hoc
756 940 891 1001 faciunt?
934 943 1043 1002 Estote

102 1009 163 1100 1¹1⁸>ss
171 1007 232 1099 {⁹32¹
289 1044 360 1100 ergo
369 1044 425 1083 uos
434 1023 655 1100 perfecti2sicut
663 1024 786 1082 etPater
797 1034 896 1082 uester
904 1022 1042 1082 caelestis

288 1106 437 1182 perfectus
450 1117 503 1164 est

245 1181 270 1246 6
324 1185 479 1247 Attendite
493 1205 533 1245 ne
552 1183 695 1243 iustitiam
712 1194 842 1243 uestram
861 1182 977 1243 faciatis
993 1169 1081 1270 cog

285 1286 349 1325 ram
363 1266 537 1326 hominibus
551 1279 584 1324 ut
595 1264 758 1324 uideamini
768 1264 809 1324 ab
823 1265 884 1324 eis:
905 1265 1043 1342 alioquin

286 1349 457 1408 mercedem
481 1365 543 1405 non
569 1345 718 1406 habebitis
741 1347 824 1423 apud
847 1348 968 1405 Patrem
992 1366 1042 1406 ue·

285 1445 379 1488 strum
393 1427 446 1505 qui
460 1427 491 1487 in
505 1427 596 1486 caelis
611 1439 664 1486 est

263 1535 276 1568 2
328 1511 409 1570 Cum
418 1528 489 1585 ergo
502 1507 593 1568 facies
604 1509 816 1584 elemosynam,
828 1504 892 1566 noli
906 1506 980 1566 tuba
994 1527 1042 1566 ca·

285 1609 357 1650 nere
369 1602 440 1649 ante
454 1602 492 1662 te,
505 1589 582 1648 sicut
596 1589 769 1666 hypocritae
781 1588 893 1648 faciunt
906 1587 938 1646 in
953 1608 1041 1664 syna-

284 1669 369 1747 gogis
384 1682 415 1731 et
428 1670 460 1729 in
471 1669 554 1742 uicis,
567 1682 600 1731 ut
615 1669 850 1731 honorificentur
858 1669 899 1728 ab
913 1669 1042 1728 homini·

284 1752 361 1812 bus:
382 1772 470 1811 amen
485 1750 555 1812 dieo
570 1750 665 1822 uobis,
678 1761 854 1828 recepemnt
868 1752 1041 1810 mercedem

94 1855 227 1898 nonme
258 1852 382 1905 3suam.
410 1835 457 1892 Te
465 1843 566 1892 autem
576 1831 704 1891 faciente
713 1833 916 1907 elemosynam
925 1833 1042 1892 nesciat

258 1943 275 1988 4
289 1913 406 1974 sinistra
417 1926 469 1973 tua
477 1915 552 1990 quid
566 1912 655 1973 faciat
665 1913 786 1972 dextera
797 1924 866 1972 tua:
886 1924 920 1972 ut
931 1914 970 1971 sit
984 1915 1041 1972 ele

285 2015 411 2072 mosyna
423 2006 475 2054 tua
492 1994 523 2054 in
536 1993 734 2054 abscondito:
757 2005 787 2053 et
801 1995 889 2054 Patet
903 2004 974 2053 tuus
987 1993 1042 2071 qui

285 2075 369 2136 uidet
384 2075 416 2134 in
427 2075 608 2136 abscondito
622 2076 729 2135 reddet
743 2073 808 2134 tibi.

168 2169 229 2223 234
260 2181 275 2229 5
339 2159 465 2215 Etcum
482 2156 572 2216 oratis
591 2176 654 2215 non
669 2155 749 2215 eritis
764 2155 842 2215 sicut
856 2156 1038 2232 hypocritae,

285 2237 337 2312 qui
348 2248 450 2296 amant
458 2236 490 2295 in
499 2236 655 2313 synagogis
665 2248 696 2296 et
706 2235 738 2294 in
747 2237 863 2313 angulis
873 2238 1040 2312 platearum

285 2329 397 2376 stantes
405 2329 535 2386 orarent
545 2317 938 2378 uideanturabhominibus:
949 2336 1040 2376 amen

260 2397 358 2458 odico
372 2398 468 2470 uobis,
483 2409 658 2474 recepemnt
673 2400 843 2458 mercedem
858 2417 953 2457 suam.
990 2400 1041 2458 Tu

284 2489 385 2538 autem
400 2499 470 2537 cum
484 2479 593 2551 orabiS,
609 2478 686 2537 intra
700 2480 731 2537 in
746 2478 920 2538 cubiculum
934 2490 1041 2539 tuum:

285 2570 316 2618 et
325 2561 427 2618 clauso
436 2559 513 2619 ostio
523 2571 576 2619 tuo
587 2579 639 2619 ora
649 2561 769 2618 Patrem
779 2572 863 2618 tuum
874 2561 904 2618 ln
913 2559 1041 2618 abscon-

283 2640 365 2700 dito:
380 2652 410 2700 et
419 2642 506 2699 Pater
515 2652 584 2699 tuus
592 2641 644 2716 qui
653 2639 737 2700 uidet
747 2639 777 2699 in
786 2639 966 2700 abscondito
974 2642 1042 2700 red-

100 2723 145 2814 {¹2
154 2723 185 2814 ἐξ·
195 2739 227 2775 ⁴2
263 2722 339 2795 ydet
354 2721 416 2779 tibi.
453 2722 581 2782 Orantes
594 2732 695 2779 autem
710 2721 803 2780 nolite
814 2723 941 2780 multum
953 2723 1041 2797 loqui
1054 2717 1081 2772 ⁴-³

182 2790 228 2826 '⁴⁷'
286 2800 363 2861 sicut
374 2800 498 2860 ethnici:
514 2813 621 2877 putant
631 2800 712 2860 enirn
724 2801 796 2878 quia
806 2805 836 2861 in
848 2800 1041 2878 multiloquio
1062 2793 1073 2828 ⁵

166 2914 188 2941 u.
198 2914 227 2951 μ,
262 2894 344 2942 8suo
358 2881 561 2942 exaudiantur.
602 2881 704 2942 Nolite
718 2902 789 2959 ergo
800 2881 962 2942 adsimilari
977 2882 1041 2944 eis:

128 2962 147 2990 e
158 2949 188 2990 ¹¹·
197 2965 229 2999 ²⁴⁵
287 2963 342 3022 scit
359 2961 441 3023 enim
460 2965 547 3022 Pater
561 2974 660 3022 uester
674 2963 785 3039 quibus
803 2981 879 3039 opus
896 2961 934 3022 sit
949 2963 1040 3024 uobis

7 3108 12 3115 ·
106 3076 129 3108 ⁴⁶
146 3074 317 3137 diligitisSOE
397 3077 422 3124 6.
440 3075 451 3108 ²
468 3075 595 3132 iacisffl
667 3065 873 3132 ‘orauerisssstt
923 3083 975 3127 tuo
986 3094 1040 3128 om.

72 3136 515 3269 ffimlothnioieiaciunts
566 3139 804 3234 quinequodffl
887 3140 1041 3215 'lqutbusz

544 3298 573 3331 n

102 2948 127 2989 M
