2250 3630
90 591 436 682 PRAEFATIO
473 592 553 668 AD
591 593 896 684 LECTOREM
924 621 940 657 r

122 776 210 836 Nour
222 777 408 836 Testamenti
419 776 518 836 Latini
532 773 935 854 recensiunlsHjie‘ronyniia-

80 893 146 950 nae,
166 893 257 951 quam
273 875 450 958 iamdudum
468 877 665 954 ‘Uulgatam'
682 874 821 935 homines
836 877 936 953 appel-

80 971 140 1046 lare
154 972 261 1044 solent,
272 971 365 1032 editio
376 973 451 1032 haec
466 973 564 1034 minor
578 969 691 1033 textum
707 972 828 1033 exhibet
843 991 934 1049 quem

79 1068 213 1146 editione
236 1070 368 1129 maiore¹
393 1070 522 1131 editores
547 1073 698 1133 Iohannes
720 1072 934 1143 Wordsworth,

80 1157 250 1245 Episcopus
278 1167 512 1242 Sarisburiensis‚
540 1180 570 1228 et
599 1168 752 1228 Henricus
781 1171 806 1229 1.
829 1168 932 1228 White

78 1265 332 1343 adprobauerunt‚
358 1269 513 1345 usquead
540 1269 632 1328 finem
657 1270 684 1328 S.
703 1266 788 1329 Pauli
810 1269 850 1328 ad
874 1269 934 1328 Ro

80 1384 187 1438 manos
222 1365 376 1441 Epistulae
387 1388 395 1438 ;
427 1367 456 1423 in
480 1364 600 1442 reliquis
618 1365 698 1425 'uero
721 1367 802 1424 Noui
832 1367 935 1426 Testa-

82 1461 177 1521 menti
205 1461 292 1548 libris¹
326 1465 365 1522 ad
395 1476 508 1540 textum
541 1465 788 1542 componendum
812 1447 933 1522 'tantum

79 1578 132 1618 eos
161 1558 282 1619 codices
304 1559 495 1638 inspexerunt
525 1581 602 1638 quos
632 1560 752 1620 maximi
780 1581 846 1620 esse
869 1581 933 1620 mo-

81 1655 175 1716 menti
203 1655 258 1714 rati
287 1668 364 1716 sunt.
420 1646 611 1736 Quapropter,
638 1658 668 1716 in
696 1660 787 1717 altera
807 1656 929 1734 quidem

81 1765 165 1831 parte
200 1753 423 1832 polliceri'non
456 1768 583 1835 possunt
611 1775 735 1837 menum
769 1767 930 1815 extremam

79 1851 240 1911 accessisse
276 1853 367 1930 operi,
402 1856 529 1914 credunt
563 1865 673 1926 tamen,
708 1873 777 1912 cum
809 1837 931 1914 demum

80 1948 175 2009 editio
199 1949 293 2009 maior
317 1951 393 2028 typis
414 1938 561 2030 impressa*
582 1951 676 2024 luerit,
696 1953 758 2011 fore
777 1963 810 2010 ut
836 1962 932 2010 textus

81 2046 146 2106 eius
177 2047 216 2106 ab
249 2049 308 2106 boc
340 2037 392 2126 qui
430 2048 533 2108 lectori
565 2047 709 2126 beniuolo
742 2068 823 2107 nune
854 2067 935 2107 com-

80 2138 240 2223 mendatur
262 2147 343 2206 haud
368 2148 495 2206 multum
518 2147 677 2206 abhorrere
699 2145 845 2205 uideatur.
897 2147 934 2204 In¹

80 2241 177 2320 priore
197 2245 294 2320 operis
315 2256 398 2319 parte
421 2243 494 2302 nihil
516 2229 539 2303 a
553 2255 634 2303 textu
654 2243 794 2304 editionis
814 2243 933 2302 maioris

79 2340 189 2412 differt,
203 2339 259 2398 nisi
275 2343 358 2416 quod
379 2342 522 2399 continue
541 2360 639 2416 neque
659 2341 825 2399 secundum
846 2339 931 2399 uersi-

80 2439 164 2497 culos
184 2437 362 2508 Amiatinos,
384 2458 460 2514 quos
483 2440 567 2496 ‘cola
586 2449 615 2497 et
635 2439 801 2496 commata'
814 2449 930 2496 nuncu·

80 2522 153 2612 pant
170 2533 226 2593 uiri
246 2535 337 2607 docti,
354 2535 515 2611 impressus
531 2546 593 2603 est3
616 2535 699 2611 quod
714 2535 745 2592 in
760 2532 933 2594 nominibus

113 2657 121 2688 ¹
140 2657 241 2704 Nouum
250 2656 440 2705 Testamentum
454 2656 557 2704 Domini
569 2657 655 2705 Nostri
667 2657 725 2704 lesu
736 2655 832 2704 Christi
841 2670 933 2704 secun-

78 2735 139 2781 dum
152 2735 290 2782 editionem
308 2735 395 2783 Sancti
413 2733 564 2795 Hieronymi
577 2736 609 2782 ad
621 2735 737 2783 codicum
750 2735 933 2796 manuscripto-

78 2827 136 2858 rum
149 2811 226 2859 fidem
239 2813 370 2860 recensuit
382 2811 510 2860 lohannes
521 2811 703 2859 Wordsworth
716 2810 814 2870 S.T.P.,
829 2810 934 2873 Episco-

79 2903 129 2950 pus
147 2888 352 2951 sarisburiensis,
368 2890 394 2936 in
411 2890 498 2950 operis
513 2889 663 2937 societatem
680 2889 799 2938 adsumto
819 2889 933 2937 Henrico

79 2965 181 3015 luliano
189 2966 354 3015 whitenm.
367 2964 463 3015 Oxonii
473 2985 478 3015 τ
489 2965 709 3027 ETypographeo
717 2965 932 3016 Clarendoniano.

79 3040 286 3093 nncccrxxxrx'.
300 3080 325 3092 ..
341 3058 472 3092 uoccccv..

490 3143 517 3181 JV
