2382 3726
280 242 340 298 An
363 240 668 299 PHILIPPENSES
927 243 955 298 a.
975 249 1057 310 16-29

87 413 213 456 uersae:
234 393 312 454 inter
326 415 402 471 quos
417 395 522 454 lucetis
543 394 619 454 sicut
636 394 793 455 luminaria
814 397 845 454 in

87 475 355 548 mund0,'uerbum
367 475 447 535 uitae
455 478 656 536 continentes:
672 478 711 536 ad
720 476 844 554 gloriam
857 487 886 536 16
903 493 952 534 oar.
962 494 980 534 2.
991 508 1008 543 2,

87 576 187 617 meam
203 555 234 615 in
249 555 299 615 die
314 555 433 629 Christi,
450 557 521 633 quia
536 555 639 616 nonin
654 576 785 616 uacuum
797 577 845 616 cu·
902 545 922 584 ⁴·
933 558 962 584 ¹¹¹

86 637 173 709 curri,
198 656 298 714 neque
319 636 350 695 in
372 657 501 696 uacuum
523 637 667 697 laboraui.
709 639 770 698 Sed
789 637 843 697 etsi
858 658 885 710 ¹7
903 653 978 694 2um.
989 655 1008 694 4.
1017 654 1036 694 6.

86 719 228 778 immolor
242 737 331 796 supra
346 718 523 780 sacrificium
535 731 565 778 et
578 717 758 795 obsequium
775 717 844 778 fidei

86 812 212 872 uestrae,
225 801 343 877 gaudeo
354 814 383 859 et
394 801 583 877 congratulor
592 798 733 860 omnibus
743 799 842 858 uobis:

86 882 120 941 id
135 880 234 957 ipsum
244 891 345 940 autem
356 892 386 940 et
402 901 465 954 uos,
477 881 605 958 gaudete
616 890 646 939 et
657 882 843 957 congratula-
855 893 884 939 18
901 891 976 944 ant.
985 907 1005 945 4.

86 961 162 1021 mini
177 961 258 1022 mihi.

130 1044 224 1120 Spero
237 1054 338 1103 autem
354 1042 384 1101 in
404 1045 537 1102 Domino
553 1045 632 1116 Iesu,
648 1042 843 1104 Timotheum
856 1068 886 1119 ¹9

86 1125 150 1184 cito
164 1144 213 1184 me
224 1125 340 1184 mittere
351 1127 390 1184 ad
402 1143 474 1184 uos:
496 1135 528 1184 ut
540 1135 569 1185 et
580 1144 637 1203 ego
648 1125 731 1186 bono
744 1124 848 1184 animo

86 1203 154 1277 sim,
171 1204 298 1282 cognitis
312 1225 391 1283 quae
405 1207 483 1266 circa
493 1225 548 1266 uos
559 1217 638 1266 sunt.
683 1204 843 1267 Neminem
856 1230 886 1264 ιο
904 1213 1012 1256 reor-1⁶·
1025 1228 1055 1254 ιο.

86 1287 170 1346 enim
180 1287 279 1346 habeo
290 1298 352 1347 tam
363 1286 545 1360 unanimem,
558 1286 610 1364 qui
619 1286 735 1346 sincera
744 1288 845 1346 adsec-

86 1369 172 1426 tione
181 1387 236 1444 pro
247 1368 334 1427 uobis
344 1368 488 1428 sollicitus
497 1367 543 1427 sit.
570 1368 687 1429 Omnes
698 1365 779 1426 enim
791 1386 845 1426 sua
856 1391 882 1424 21
905 1378 971 1421 1Cor.
983 1379 1013 1418 ro.
1025 1394 1055 1428 24,

86 1459 245 1525 quaerunt,
263 1469 325 1508 non
334 1468 411 1525 quae
421 1459 489 1507 sunt
502 1451 571 1508 Iesu
582 1449 701 1510 Christi.
725 1447 846 1525 Experi-
856 1472 884 1504 22
904 1443 935 1480 ³3’
945 1429 975 1470 ¹³·
986 1444 1003 1479 ⁵·

87 1539 225 1588 mentum
236 1540 337 1588 autem
347 1529 410 1588 eius
419 1528 599 1605 cognoscite,
613 1527 756 1606 quoniam
768 1528 845 1588 sicut

86 1609 166 1687 patri
175 1609 260 1680 filius,
269 1609 723 1687 mecumseruiuitineuangelio.
751 1612 844 1669 Hunc
856 1633 885 1680 23

86 1689 178 1768 igitur
191 1710 279 1767 spero
299 1709 347 1751 me
368 1691 483 1750 mittere
504 1710 574 1750 mox
595 1701 628 1751 ut
648 1690 754 1750 uidero
768 1711 845 1767 quae

86 1772 169 1832 circa
186 1791 235 1831 me
255 1783 333 1830 sunt.
377 1772 508 1833 Confido
529 1784 629 1831 autem
648 1771 679 1830 in
698 1771 841 1842 Domino,
854 1797 885 1844 ²4
904 1791 922 1833 1.
932 1806 963 1850 2⁵·

86 1853 233 1930 quoniam
245 1864 274 1912 et
289 1853 352 1929 ipse
367 1851 485 1925 ueniam
500 1854 539 1912 ad
555 1871 610 1912 uos
621 1851 690 1911 cito,
735 1854 844 1911 Neces·
854 1877 883 1924 25
902 1841 992 1882 PM
1004 1857 1034 1882 ²²·

87 1933 199 1994 sarium
215 1945 317 1993 autem
337 1932 503 1992 existimaui
522 1931 772 2010 Epaphroditum,
791 1933 845 1990 fra·
901 1909 961 1950 ω’

88 2025 200 2074 tremet
209 2024 478 2092 cooperatorem,et
487 2013 723 2074 commilitonem
734 2031 843 2085 meum,

88 2107 221 2155 uestrum
239 2107 340 2155 autem
361 2096 530 2172 apostolum
555 2105 585 2154 et
606 2093 773 2154 ministrum
797 2114 846 2153 ne·

87 2175 235 2236 cessitatis
245 2196 338 2248 meae,
355 2175 473 2235 mittere
487 2177 526 2235 ad
536 2195 591 2234 uos
604 2197 610 2235 :
624 2174 767 2252 quoniam
780 2174 844 2252 qui·
855 2185 886 2234 26

87 2259 160 2318 dem
182 2277 287 2318 omnes
302 2277 357 2317 uos
375 2255 573 2328 desiderabat,
591 2267 620 2315 et
638 2267 768 2316 maestus
783 2267 845 2316 erat

88 2349 246 2415 propterea
263 2341 347 2415 quod
367 2337 527 2398 audieratis
547 2336 633 2396 illum
653 2336 844 2396 infirmatum.

89 2421 169 2478 Nam
181 2430 211 2478 et
221 2419 386 2479 infirmatus
398 2432 441 2480 est
453 2439 548 2497 usque
562 2420 602 2479 ad
623 2430 748 2478 mortem
761 2441 767 2478 :
788 2419 843 2478 sed
856 2439 885 2492 27

90 2502 175 2559 Deus
184 2502 321 2560 misertus
330 2511 375 2560 est
384 2503 447 2560 eius
459 2524 465 2560 :
481 2520 542 2559 non
552 2501 650 2559 solum
661 2509 760 2558 autem
771 2503 842 2571 eius,

87 2599 193 2640 uerum
205 2579 294 2640 etiam
310 2592 340 2641 et
355 2584 422 2654 mei,
439 2601 478 2641 ne
492 2580 640 2641 tristitiam
656 2599 744 2656 super
757 2579 845 2640 tristi·

87 2661 160 2723 tiam
176 2662 327 2723 haberem.
371 2661 573 2722 Festinantius
588 2681 659 2738 ergo
673 2660 739 2720 misi
752 2661 844 2734 illum,
857 2675 885 2721 28

86 2754 120 2803 ut
135 2744 203 2804 uiso
216 2763 254 2803 eo
269 2743 375 2803 iterum
390 2743 552 2820 gaudeatis,
566 2754 596 2816 et
611 2761 668 2819 ego
683 2743 747 2801 sine
762 2740 847 2800 tristi·
905 2731 1055 2823 fgffij,

86 2827 128 2883 tia
143 2824 208 2884 sim.
246 2823 382 2902 Excipite
393 2824 493 2901 itaque
505 2825 587 2884 illum
600 2843 669 2882 cum
681 2821 763 2883 omni
778 2841 847 2898 gau·
857 2848 887 2897 29
906 2831 1055 2880 1Thess·⁵·1².

85 2905 139 2966 dio
149 2904 180 2964 iu
194 2905 335 2978 Domino,
349 2919 379 2965 et
388 2903 535 2965 eiusmodi
546 2924 615 2964 eum
626 2905 740 2964 honore
753 2903 844 2964 habe·
905 2896 979 2973 {him
989 2932 1009 2973 5,
1021 2946 1050 2983 17,

119 3083 141 3118 ¹⁸
159 3084 269 3148 idipsum
281 3101 333 3134 uno
345 3086 418 3133 uerbo
431 3083 484 3140 ὅθί
556 3084 576 3116 ¹⁹
597 3091 624 3138 >
635 3099 677 3132 me
689 3083 740 3132 cito
753 3083 806 3140 3OE
878 3084 900 3116 ²⁰
916 3085 1055 3134 affectione

84 3149 141 3206 ,w
239 3149 259 3183 ²¹
277 3165 343 3201 sua:
361 3167 427 3212 quae
439 3158 557 3199 suasunt
569 3147 622 3205 Μ
722 3149 743 3181 ²²
759 3153 908 3208 quoniam:
933 3152 991 3212 quia
1003 3150 1057 3206 ὥθ’,

83 3215 107 3248 ²³
124 3217 301 3267 mittere÷ad
314 3231 360 3264 vos
373 3214 425 3270 ΞΘ
491 3216 512 3248 2⁶
529 3215 643 3264 mitterre
656 3216 729 3279 lapsu
743 3214 766 3270 5
878 3223 992 3265 moestus
1005 3215 1057 3271 ΞΘ

548 3303 596 3356 473
