<?xml version="1.0" encoding="UTF-8"?>
<!DOCTYPE html PUBLIC "-//W3C//DTD XHTML 1.0 Transitional//EN"
    "http://www.w3.org/TR/xhtml1/DTD/xhtml1-transitional.dtd">
<html xmlns="http://www.w3.org/1999/xhtml" xml:lang="en" lang="en">
 <head>
  <title>
</title>
<meta http-equiv="Content-Type" content="text/html;charset=utf-8" />
  <meta name='ocr-system' content='tesseract 3.04.00' />
  <meta name='ocr-capabilities' content='ocr_page ocr_carea ocr_par ocr_line ocrx_word'/>
</head>
<body>
  <div class='ocr_page' id='page_1' title='image "./nouumtestamentu00goog_0629.png"; bbox 0 0 2250 3630; ppageno 0'>
   <div class='ocr_carea' id='block_1_1' title="bbox 202 212 1042 288">
    <p class='ocr_par' dir='ltr' id='par_1_1' title="bbox 202 212 1042 288">
     <span class='ocr_line' id='line_1_1' title="bbox 202 212 1042 288; baseline 0.001 -17"><span class='ocrx_word' id='word_1_1' title='bbox 202 212 484 273; x_wconf 79' lang='lat' dir='ltr'>APOCALYPSIS</span> <span class='ocrx_word' id='word_1_2' title='bbox 506 213 719 274; x_wconf 87' lang='lat' dir='ltr'>IOHANNIS</span> <span class='ocrx_word' id='word_1_3' title='bbox 907 216 954 272; x_wconf 77' lang='lat'><strong>20,</strong></span> <span class='ocrx_word' id='word_1_4' title='bbox 971 225 1042 288; x_wconf 82' lang='lat'>⁶·14</span> 
     </span>
    </p>
   </div>
   <div class='ocr_carea' id='block_1_2' title="bbox 77 369 1104 2954">
    <p class='ocr_par' dir='ltr' id='par_1_2' title="bbox 79 369 853 432">
     <span class='ocr_line' id='line_1_2' title="bbox 79 369 853 432; baseline -0.005 -1"><span class='ocrx_word' id='word_1_5' title='bbox 79 382 267 432; x_wconf 88' lang='lat' dir='ltr'><strong>summentur</strong></span> <span class='ocrx_word' id='word_1_6' title='bbox 282 369 362 428; x_wconf 88' lang='lat' dir='ltr'><strong>mille</strong></span> <span class='ocrx_word' id='word_1_7' title='bbox 378 369 458 427; x_wconf 90' lang='lat' dir='ltr'><strong>anni.</strong></span> <span class='ocrx_word' id='word_1_8' title='bbox 489 372 577 428; x_wconf 88' lang='lat' dir='ltr'><strong>Haec</strong></span> <span class='ocrx_word' id='word_1_9' title='bbox 592 383 636 429; x_wconf 91' lang='lat' dir='ltr'><strong>est</strong></span> <span class='ocrx_word' id='word_1_10' title='bbox 657 370 831 431; x_wconf 86' lang='lat' dir='ltr'><strong>resurrectio</strong></span> <span class='ocrx_word' id='word_1_11' title='bbox 850 406 853 412; x_wconf 84' lang='lat'><strong>·</strong></span> 
     </span>
    </p>

    <p class='ocr_par' dir='ltr' id='par_1_3' title="bbox 77 450 1017 688">
     <span class='ocr_line' id='line_1_3' title="bbox 78 450 1017 530; baseline 0 -19"><span class='ocrx_word' id='word_1_12' title='bbox 78 451 182 530; x_wconf 90' lang='lat' dir='ltr'><strong>prima.</strong></span> <span class='ocrx_word' id='word_1_13' title='bbox 226 454 335 511; x_wconf 82' lang='lat' dir='ltr'><strong>Beatus</strong></span> <span class='ocrx_word' id='word_1_14' title='bbox 350 461 379 509; x_wconf 88' lang='lat' dir='ltr'><strong>et</strong></span> <span class='ocrx_word' id='word_1_15' title='bbox 394 461 514 510; x_wconf 90' lang='lat' dir='ltr'><strong>sanctus</strong></span> <span class='ocrx_word' id='word_1_16' title='bbox 534 450 585 526; x_wconf 90' lang='lat' dir='ltr'><strong>qui</strong></span> <span class='ocrx_word' id='word_1_17' title='bbox 605 450 696 510; x_wconf 89' lang='lat' dir='ltr'><strong>habet</strong></span> <span class='ocrx_word' id='word_1_18' title='bbox 715 463 853 527; x_wconf 75' lang='lat' dir='ltr'><strong>partemn</strong></span> <span class='ocrx_word' id='word_1_19' title='bbox 889 471 1017 519; x_wconf 49' lang='lat' dir='ltr'><strong>errare</strong></span> 
     </span>
     <span class='ocr_line' id='line_1_4' title="bbox 77 522 944 606; baseline -0.003 -14"><span class='ocrx_word' id='word_1_20' title='bbox 77 535 110 592; x_wconf 91' lang='lat' dir='ltr'><strong>in</strong></span> <span class='ocrx_word' id='word_1_21' title='bbox 125 530 338 592; x_wconf 86' lang='lat' dir='ltr'><strong>resurrectione</strong></span> <span class='ocrx_word' id='word_1_22' title='bbox 356 530 468 606; x_wconf 84' lang='lat' dir='ltr'><strong>prima:</strong></span> <span class='ocrx_word' id='word_1_23' title='bbox 490 529 520 589; x_wconf 94' lang='lat' dir='ltr'><strong>in</strong></span> <span class='ocrx_word' id='word_1_24' title='bbox 538 531 584 590; x_wconf 87' lang='lat' dir='ltr'><strong>his</strong></span> <span class='ocrx_word' id='word_1_25' title='bbox 604 533 736 592; x_wconf 86' lang='lat' dir='ltr'><strong>secunda</strong></span> <span class='ocrx_word' id='word_1_26' title='bbox 751 551 830 590; x_wconf 93' lang='lat' dir='ltr'><strong>mors</strong></span> <span class='ocrx_word' id='word_1_27' title='bbox 886 522 906 560; x_wconf 75' lang='lat'><strong>⁵·</strong></span> <span class='ocrx_word' id='word_1_28' title='bbox 916 535 944 560; x_wconf 84' lang='lat'><strong>¹⁰·</strong></span> 
     </span>
     <span class='ocr_line' id='line_1_5' title="bbox 78 613 829 688; baseline -0.003 -16"><span class='ocrx_word' id='word_1_29' title='bbox 78 614 247 673; x_wconf 88' lang='lat' dir='ltr'><strong>nonhabet</strong></span> <span class='ocrx_word' id='word_1_30' title='bbox 267 622 463 688; x_wconf 85' lang='lat' dir='ltr'><strong>potestatem:</strong></span> <span class='ocrx_word' id='word_1_31' title='bbox 486 613 540 672; x_wconf 89' lang='lat' dir='ltr'><strong>sed</strong></span> <span class='ocrx_word' id='word_1_32' title='bbox 560 622 645 672; x_wconf 90' lang='lat' dir='ltr'><strong>erunt</strong></span> <span class='ocrx_word' id='word_1_33' title='bbox 660 614 829 672; x_wconf 84' lang='lat' dir='ltr'><strong>sacerdotes</strong></span> 
     </span>
    </p>

    <p class='ocr_par' dir='ltr' id='par_1_4' title="bbox 78 691 907 833">
     <span class='ocr_line' id='line_1_6' title="bbox 80 691 907 768; baseline -0.002 -15"><span class='ocrx_word' id='word_1_34' title='bbox 80 697 138 753; x_wconf 90' lang='lat' dir='ltr'><strong>Dei</strong></span> <span class='ocrx_word' id='word_1_35' title='bbox 161 707 190 753; x_wconf 90' lang='lat' dir='ltr'><strong>et</strong></span> <span class='ocrx_word' id='word_1_36' title='bbox 209 691 329 766; x_wconf 88' lang='lat' dir='ltr'>Christi,</span> <span class='ocrx_word' id='word_1_37' title='bbox 351 702 381 752; x_wconf 90' lang='lat' dir='ltr'><strong>et</strong></span> <span class='ocrx_word' id='word_1_38' title='bbox 399 692 566 768; x_wconf 84' lang='lat' dir='ltr'><strong>regnabunt</strong></span> <span class='ocrx_word' id='word_1_39' title='bbox 586 713 655 752; x_wconf 89' lang='lat' dir='ltr'><strong>cum</strong></span> <span class='ocrx_word' id='word_1_40' title='bbox 675 691 726 751; x_wconf 86' lang='lat' dir='ltr'><strong>iilo</strong></span> <span class='ocrx_word' id='word_1_41' title='bbox 750 692 830 751; x_wconf 81' lang='lat' dir='ltr'><strong>mille</strong></span> <span class='ocrx_word' id='word_1_42' title='bbox 904 739 907 743; x_wconf 82' lang='lat'>.</span> 
     </span>
     <span class='ocr_line' id='line_1_7' title="bbox 78 774 247 833; baseline -0.036 0"><span class='ocrx_word' id='word_1_43' title='bbox 78 774 173 833; x_wconf 78' lang='lat' dir='ltr'><strong>annis</strong></span> <span class='ocrx_word' id='word_1_44' title='bbox 245 822 247 827; x_wconf 91' lang='lat'>.</span> 
     </span>
    </p>

    <p class='ocr_par' dir='ltr' id='par_1_5' title="bbox 78 853 1038 1882">
     <span class='ocr_line' id='line_1_8' title="bbox 122 853 853 928; baseline -0.001 -14"><span class='ocrx_word' id='word_1_45' title='bbox 122 858 161 914; x_wconf 86' lang='lat' dir='ltr'><strong>Et</strong></span> <span class='ocrx_word' id='word_1_46' title='bbox 175 868 243 914; x_wconf 90' lang='lat' dir='ltr'><strong>cum</strong></span> <span class='ocrx_word' id='word_1_47' title='bbox 253 853 452 913; x_wconf 84' lang='lat' dir='ltr'><strong>consummati</strong></span> <span class='ocrx_word' id='word_1_48' title='bbox 467 854 574 914; x_wconf 86' lang='lat' dir='ltr'><strong>fuerint</strong></span> <span class='ocrx_word' id='word_1_49' title='bbox 591 855 671 914; x_wconf 89' lang='lat' dir='ltr'><strong>mille</strong></span> <span class='ocrx_word' id='word_1_50' title='bbox 684 855 764 925; x_wconf 86' lang='lat' dir='ltr'><strong>anni,</strong></span> <span class='ocrx_word' id='word_1_51' title='bbox 775 858 853 928; x_wconf 76' lang='lat' dir='ltr'><strong>sol-7</strong></span> 
     </span>
     <span class='ocr_line' id='line_1_9' title="bbox 79 934 1013 1019; baseline 0.002 -25"><span class='ocrx_word' id='word_1_52' title='bbox 79 949 166 994; x_wconf 86' lang='lat' dir='ltr'><strong>uetur</strong></span> <span class='ocrx_word' id='word_1_53' title='bbox 180 937 303 995; x_wconf 86' lang='lat' dir='ltr'><strong>Satanas</strong></span> <span class='ocrx_word' id='word_1_54' title='bbox 317 936 357 994; x_wconf 88' lang='lat' dir='ltr'><strong>de</strong></span> <span class='ocrx_word' id='word_1_55' title='bbox 367 954 485 994; x_wconf 88' lang='lat' dir='ltr'><strong>carcere</strong></span> <span class='ocrx_word' id='word_1_56' title='bbox 496 955 559 1004; x_wconf 90' lang='lat' dir='ltr'><strong>suo,</strong></span> <span class='ocrx_word' id='word_1_57' title='bbox 575 934 578 967; x_wconf 73' lang='lat'>¹</span> <span class='ocrx_word' id='word_1_58' title='bbox 592 947 622 995; x_wconf 91' lang='lat' dir='ltr'><strong>et</strong></span> <span class='ocrx_word' id='word_1_59' title='bbox 633 935 731 1008; x_wconf 86' lang='lat' dir='ltr'>exibit,</span> <span class='ocrx_word' id='word_1_60' title='bbox 745 948 775 995; x_wconf 88' lang='lat' dir='ltr'><strong>et</strong></span> <span class='ocrx_word' id='word_1_61' title='bbox 786 950 853 996; x_wconf 69' lang='lat' dir='ltr'><strong>sert</strong></span> <span class='ocrx_word' id='word_1_62' title='bbox 886 954 1013 1019; x_wconf 57' lang='lat' dir='ltr'><strong>rancura,</strong></span> 
     </span>
     <span class='ocr_line' id='line_1_10' title="bbox 79 1004 947 1094; baseline 0 -19"><span class='ocrx_word' id='word_1_63' title='bbox 79 1019 170 1077; x_wconf 91' lang='lat' dir='ltr'><strong>ducet</strong></span> <span class='ocrx_word' id='word_1_64' title='bbox 183 1026 287 1094; x_wconf 86' lang='lat' dir='ltr'><strong>gentes</strong></span> <span class='ocrx_word' id='word_1_65' title='bbox 301 1033 379 1091; x_wconf 90' lang='lat' dir='ltr'><strong>quae</strong></span> <span class='ocrx_word' id='word_1_66' title='bbox 393 1028 462 1073; x_wconf 90' lang='lat' dir='ltr'><strong>sunt</strong></span> <span class='ocrx_word' id='word_1_67' title='bbox 477 1035 565 1092; x_wconf 89' lang='lat' dir='ltr'><strong>super</strong></span> <span class='ocrx_word' id='word_1_68' title='bbox 582 1026 722 1091; x_wconf 88' lang='lat' dir='ltr'><strong>quattuor</strong></span> <span class='ocrx_word' id='word_1_69' title='bbox 740 1037 829 1094; x_wconf 86' lang='lat' dir='ltr'><strong>angu-</strong></span> <span class='ocrx_word' id='word_1_70' title='bbox 887 1004 918 1053; x_wconf 69' lang='lat'><strong>&#39;³⁹&#39;</strong></span> <span class='ocrx_word' id='word_1_71' title='bbox 930 1021 947 1047; x_wconf 81' lang='lat'><strong>¹·</strong></span> 
     </span>
     <span class='ocr_line' id='line_1_11' title="bbox 78 1097 830 1173; baseline 0.003 -18"><span class='ocrx_word' id='word_1_72' title='bbox 78 1100 124 1156; x_wconf 91' lang='lat' dir='ltr'><strong>los</strong></span> <span class='ocrx_word' id='word_1_73' title='bbox 139 1109 240 1168; x_wconf 87' lang='lat' dir='ltr'><strong>terrae,</strong></span> <span class='ocrx_word' id='word_1_74' title='bbox 257 1097 325 1172; x_wconf 88' lang='lat' dir='ltr'><strong>Gog</strong></span> <span class='ocrx_word' id='word_1_75' title='bbox 339 1106 369 1155; x_wconf 89' lang='lat' dir='ltr'><strong>et</strong></span> <span class='ocrx_word' id='word_1_76' title='bbox 384 1097 503 1172; x_wconf 85' lang='lat' dir='ltr'><strong>Magog,</strong></span> <span class='ocrx_word' id='word_1_77' title='bbox 520 1107 549 1155; x_wconf 86' lang='lat' dir='ltr'><strong>et</strong></span> <span class='ocrx_word' id='word_1_78' title='bbox 568 1097 759 1173; x_wconf 88' lang='lat' dir='ltr'><strong>congregabit</strong></span> <span class='ocrx_word' id='word_1_79' title='bbox 778 1117 830 1157; x_wconf 83' lang='lat' dir='ltr'><strong>eos</strong></span> 
     </span>
     <span class='ocr_line' id='line_1_12' title="bbox 78 1177 831 1254; baseline 0.003 -19"><span class='ocrx_word' id='word_1_80' title='bbox 78 1179 110 1236; x_wconf 92' lang='lat' dir='ltr'><strong>in</strong></span> <span class='ocrx_word' id='word_1_81' title='bbox 124 1179 278 1254; x_wconf 88' lang='lat' dir='ltr'><strong>proelium,</strong></span> <span class='ocrx_word' id='word_1_82' title='bbox 291 1179 418 1253; x_wconf 90' lang='lat' dir='ltr'><strong>quorum</strong></span> <span class='ocrx_word' id='word_1_83' title='bbox 429 1196 568 1236; x_wconf 89' lang='lat' dir='ltr'><strong>numerus</strong></span> <span class='ocrx_word' id='word_1_84' title='bbox 580 1188 625 1236; x_wconf 88' lang='lat' dir='ltr'><strong>est</strong></span> <span class='ocrx_word' id='word_1_85' title='bbox 634 1177 709 1236; x_wconf 90' lang='lat' dir='ltr'><strong>sicut</strong></span> <span class='ocrx_word' id='word_1_86' title='bbox 721 1179 831 1238; x_wconf 82' lang='lat' dir='ltr'><strong>harena</strong></span> 
     </span>
     <span class='ocr_line' id='line_1_13' title="bbox 79 1257 994 1334; baseline 0.001 -18"><span class='ocrx_word' id='word_1_87' title='bbox 79 1258 176 1318; x_wconf 86' lang='lat' dir='ltr'><strong>maris.</strong></span> <span class='ocrx_word' id='word_1_88' title='bbox 221 1259 260 1315; x_wconf 90' lang='lat' dir='ltr'><strong>Et</strong></span> <span class='ocrx_word' id='word_1_89' title='bbox 270 1257 468 1316; x_wconf 86' lang='lat' dir='ltr'><strong>ascenderunt</strong></span> <span class='ocrx_word' id='word_1_90' title='bbox 476 1276 563 1334; x_wconf 87' lang='lat' dir='ltr'><strong>super</strong></span> <span class='ocrx_word' id='word_1_91' title='bbox 574 1257 762 1318; x_wconf 84' lang='lat' dir='ltr'><strong>latitudinem</strong></span> <span class='ocrx_word' id='word_1_92' title='bbox 777 1272 854 1333; x_wconf 88' lang='lat' dir='ltr'><strong>ter-9</strong></span> <span class='ocrx_word' id='word_1_93' title='bbox 888 1289 950 1328; x_wconf 59' lang='lat' dir='ltr'><strong>Em,</strong></span> <span class='ocrx_word' id='word_1_94' title='bbox 961 1286 994 1328; x_wconf 59' lang='lat' dir='ltr'><strong>ag</strong></span> 
     </span>
     <span class='ocr_line' id='line_1_14' title="bbox 80 1336 997 1429; baseline -0.001 -31"><span class='ocrx_word' id='word_1_95' title='bbox 80 1359 137 1410; x_wconf 86' lang='lat' dir='ltr'><strong>rae,</strong></span> <span class='ocrx_word' id='word_1_96' title='bbox 153 1349 183 1398; x_wconf 90' lang='lat' dir='ltr'><strong>et</strong></span> <span class='ocrx_word' id='word_1_97' title='bbox 197 1336 407 1398; x_wconf 86' lang='lat' dir='ltr'><strong>circumierunt</strong></span> <span class='ocrx_word' id='word_1_98' title='bbox 421 1351 516 1397; x_wconf 87' lang='lat' dir='ltr'><strong>castra</strong></span> <span class='ocrx_word' id='word_1_99' title='bbox 530 1350 710 1410; x_wconf 77' lang='lat' dir='ltr'><strong>sanctorum-</strong></span> <span class='ocrx_word' id='word_1_100' title='bbox 723 1349 753 1398; x_wconf 88' lang='lat' dir='ltr'><strong>et</strong></span> <span class='ocrx_word' id='word_1_101' title='bbox 761 1339 830 1398; x_wconf 83' lang='lat' dir='ltr'><strong>ciui·</strong></span> <span class='ocrx_word' id='word_1_102' title='bbox 888 1340 967 1428; x_wconf 48' lang='lat'><strong>3331</strong></span> <span class='ocrx_word' id='word_1_103' title='bbox 985 1391 997 1429; x_wconf 71' lang='lat'><strong><em>⁶</em></strong></span> 
     </span>
     <span class='ocr_line' id='line_1_15' title="bbox 80 1417 1005 1496; baseline 0.002 -18"><span class='ocrx_word' id='word_1_104' title='bbox 80 1433 171 1478; x_wconf 88' lang='lat' dir='ltr'><strong>tatem</strong></span> <span class='ocrx_word' id='word_1_105' title='bbox 183 1419 332 1479; x_wconf 86' lang='lat' dir='ltr'><strong>dilectam.</strong></span> <span class='ocrx_word' id='word_1_106' title='bbox 365 1419 404 1478; x_wconf 91' lang='lat' dir='ltr'><strong>Et</strong></span> <span class='ocrx_word' id='word_1_107' title='bbox 415 1419 572 1479; x_wconf 87' lang='lat' dir='ltr'><strong>descendit</strong></span> <span class='ocrx_word' id='word_1_108' title='bbox 586 1418 661 1496; x_wconf 87' lang='lat' dir='ltr'><strong>ignis</strong></span> <span class='ocrx_word' id='word_1_109' title='bbox 676 1439 694 1478; x_wconf 90' lang='lat' dir='ltr'><strong>a</strong></span> <span class='ocrx_word' id='word_1_110' title='bbox 708 1422 777 1479; x_wconf 93' lang='lat' dir='ltr'><strong>Deo</strong></span> <span class='ocrx_word' id='word_1_111' title='bbox 791 1422 830 1480; x_wconf 91' lang='lat' dir='ltr'><strong>de</strong></span> <span class='ocrx_word' id='word_1_112' title='bbox 941 1417 947 1428; x_wconf 84' lang='lat'>&#39;</span> <span class='ocrx_word' id='word_1_113' title='bbox 969 1417 975 1429; x_wconf 78' lang='lat'>‘</span> <span class='ocrx_word' id='word_1_114' title='bbox 998 1418 1005 1428; x_wconf 83' lang='lat'>&#39;</span> 
     </span>
     <span class='ocr_line' id='line_1_16' title="bbox 80 1499 1033 1579; baseline 0 -21"><span class='ocrx_word' id='word_1_115' title='bbox 80 1502 173 1573; x_wconf 75' lang='lat' dir='ltr'><strong>cuein,</strong></span> <span class='ocrx_word' id='word_1_116' title='bbox 190 1511 220 1558; x_wconf 90' lang='lat' dir='ltr'><strong>et</strong></span> <span class='ocrx_word' id='word_1_117' title='bbox 233 1499 389 1560; x_wconf 86' lang='lat' dir='ltr'><strong>deuorauit</strong></span> <span class='ocrx_word' id='word_1_118' title='bbox 403 1520 472 1560; x_wconf 88' lang='lat' dir='ltr'><strong>eos:</strong></span> <span class='ocrx_word' id='word_1_119' title='bbox 495 1511 525 1560; x_wconf 90' lang='lat' dir='ltr'><strong>et</strong></span> <span class='ocrx_word' id='word_1_120' title='bbox 535 1499 673 1561; x_wconf 83' lang='lat' dir='ltr'><strong>diabolus</strong></span> <span class='ocrx_word' id='word_1_121' title='bbox 685 1500 736 1577; x_wconf 91' lang='lat' dir='ltr'><strong>qui</strong></span> <span class='ocrx_word' id='word_1_122' title='bbox 746 1501 831 1560; x_wconf 86' lang='lat' dir='ltr'><strong>scdu-</strong></span> <span class='ocrx_word' id='word_1_123' title='bbox 844 1527 871 1559; x_wconf 85' lang='grc' dir='ltr'><strong>ιο</strong></span> <span class='ocrx_word' id='word_1_124' title='bbox 890 1519 954 1579; x_wconf 67' lang='lat' dir='ltr'><strong>apoc„</strong></span> <span class='ocrx_word' id='word_1_125' title='bbox 964 1517 1033 1567; x_wconf 58' lang='lat'>1410,</span> 
     </span>
     <span class='ocr_line' id='line_1_17' title="bbox 81 1567 1038 1658; baseline 0 -19"><span class='ocrx_word' id='word_1_126' title='bbox 81 1581 169 1639; x_wconf 87' lang='lat' dir='ltr'><strong>cebat</strong></span> <span class='ocrx_word' id='word_1_127' title='bbox 184 1599 235 1639; x_wconf 92' lang='lat' dir='ltr'><strong>eos</strong></span> <span class='ocrx_word' id='word_1_128' title='bbox 251 1580 357 1640; x_wconf 88' lang='lat' dir='ltr'><strong>missus</strong></span> <span class='ocrx_word' id='word_1_129' title='bbox 377 1592 422 1640; x_wconf 90' lang='lat' dir='ltr'><strong>est</strong></span> <span class='ocrx_word' id='word_1_130' title='bbox 437 1583 467 1639; x_wconf 91' lang='lat' dir='ltr'><strong>in</strong></span> <span class='ocrx_word' id='word_1_131' title='bbox 483 1593 620 1658; x_wconf 85' lang='lat' dir='ltr'><strong>stagnum</strong></span> <span class='ocrx_word' id='word_1_132' title='bbox 635 1581 711 1658; x_wconf 87' lang='lat' dir='ltr'><strong>ignis</strong></span> <span class='ocrx_word' id='word_1_133' title='bbox 731 1592 760 1641; x_wconf 88' lang='lat' dir='ltr'><strong>et</strong></span> <span class='ocrx_word' id='word_1_134' title='bbox 775 1584 830 1640; x_wconf 89' lang='lat' dir='ltr'><strong>sul·</strong></span> <span class='ocrx_word' id='word_1_135' title='bbox 889 1567 919 1606; x_wconf 49' lang='grc' dir='ltr'><strong>Μ·</strong></span> <span class='ocrx_word' id='word_1_136' title='bbox 931 1567 997 1617; x_wconf 53' lang='lat'>¹³³⁹·</span> <span class='ocrx_word' id='word_1_137' title='bbox 1007 1584 1038 1609; x_wconf 89' lang='lat'><strong>²⁰·</strong></span> 
     </span>
     <span class='ocr_line' id='line_1_18' title="bbox 79 1660 830 1740; baseline 0.003 -21"><span class='ocrx_word' id='word_1_138' title='bbox 79 1660 190 1737; x_wconf 76' lang='lat' dir='ltr'><strong>phuriS,</strong></span> <span class='ocrx_word' id='word_1_139' title='bbox 215 1661 268 1720; x_wconf 91' lang='lat' dir='ltr'><strong>ubi</strong></span> <span class='ocrx_word' id='word_1_140' title='bbox 290 1672 320 1721; x_wconf 90' lang='lat' dir='ltr'><strong>et</strong></span> <span class='ocrx_word' id='word_1_141' title='bbox 343 1661 438 1721; x_wconf 87' lang='lat' dir='ltr'><strong>bestia</strong></span> <span class='ocrx_word' id='word_1_142' title='bbox 456 1675 486 1721; x_wconf 91' lang='lat' dir='ltr'><strong>et</strong></span> <span class='ocrx_word' id='word_1_143' title='bbox 508 1664 777 1740; x_wconf 87' lang='lat' dir='ltr'><strong>pseudopropheta,</strong></span> <span class='ocrx_word' id='word_1_144' title='bbox 801 1676 830 1722; x_wconf 87' lang='lat' dir='ltr'><strong>et</strong></span> 
     </span>
     <span class='ocr_line' id='line_1_19' title="bbox 81 1741 830 1806; baseline 0.003 -6"><span class='ocrx_word' id='word_1_145' title='bbox 81 1741 290 1802; x_wconf 86' lang='lat' dir='ltr'><strong>cruciabuntur</strong></span> <span class='ocrx_word' id='word_1_146' title='bbox 309 1742 358 1802; x_wconf 89' lang='lat' dir='ltr'><strong>die</strong></span> <span class='ocrx_word' id='word_1_147' title='bbox 371 1763 415 1802; x_wconf 81' lang='lat' dir='ltr'><strong>ac</strong></span> <span class='ocrx_word' id='word_1_148' title='bbox 438 1755 526 1806; x_wconf 85' lang='lat' dir='ltr'><strong>nocte</strong></span> <span class='ocrx_word' id='word_1_149' title='bbox 548 1746 579 1801; x_wconf 91' lang='lat' dir='ltr'><strong>in</strong></span> <span class='ocrx_word' id='word_1_150' title='bbox 596 1745 714 1802; x_wconf 81' lang='lat' dir='ltr'><strong>saecula</strong></span> <span class='ocrx_word' id='word_1_151' title='bbox 731 1763 830 1802; x_wconf 85' lang='lat' dir='ltr'><strong>saecu-</strong></span> 
     </span>
     <span class='ocr_line' id='line_1_20' title="bbox 79 1827 183 1882; baseline 0.01 -1"><span class='ocrx_word' id='word_1_152' title='bbox 79 1827 183 1882; x_wconf 89' lang='lat' dir='ltr'><strong>lorum.</strong></span> 
     </span>
    </p>

    <p class='ocr_par' dir='ltr' id='par_1_6' title="bbox 78 1905 1104 2954">
     <span class='ocr_line' id='line_1_21' title="bbox 123 1905 934 1982; baseline 0.005 -18"><span class='ocrx_word' id='word_1_153' title='bbox 123 1909 161 1964; x_wconf 90' lang='lat' dir='ltr'><strong>Et</strong></span> <span class='ocrx_word' id='word_1_154' title='bbox 175 1905 238 1965; x_wconf 91' lang='lat' dir='ltr'><strong>uidi</strong></span> <span class='ocrx_word' id='word_1_155' title='bbox 253 1908 392 1965; x_wconf 85' lang='lat' dir='ltr'><strong>thronum</strong></span> <span class='ocrx_word' id='word_1_156' title='bbox 409 1925 548 1982; x_wconf 88' lang='lat' dir='ltr'><strong>magnum</strong></span> <span class='ocrx_word' id='word_1_157' title='bbox 565 1905 736 1975; x_wconf 90' lang='lat' dir='ltr'><strong>candidum,</strong></span> <span class='ocrx_word' id='word_1_158' title='bbox 747 1919 776 1965; x_wconf 89' lang='lat' dir='ltr'><strong>et</strong></span> <span class='ocrx_word' id='word_1_159' title='bbox 787 1925 829 1964; x_wconf 85' lang='lat' dir='ltr'><strong>se·</strong></span> <span class='ocrx_word' id='word_1_160' title='bbox 843 1931 866 1964; x_wconf 86' lang='lat'><strong>11</strong></span> <span class='ocrx_word' id='word_1_161' title='bbox 887 1928 906 1967; x_wconf 75' lang='grc' dir='ltr'><strong>ι.</strong></span> <span class='ocrx_word' id='word_1_162' title='bbox 917 1942 934 1968; x_wconf 67' lang='grc' dir='ltr'><strong>ι.</strong></span> 
     </span>
     <span class='ocr_line' id='line_1_22' title="bbox 80 1977 1018 2068; baseline 0.001 -24"><span class='ocrx_word' id='word_1_163' title='bbox 80 1989 202 2046; x_wconf 85' lang='lat' dir='ltr'><strong>dentem</strong></span> <span class='ocrx_word' id='word_1_164' title='bbox 224 2007 312 2064; x_wconf 90' lang='lat' dir='ltr'><strong>super</strong></span> <span class='ocrx_word' id='word_1_165' title='bbox 331 2006 408 2058; x_wconf 84' lang='lat' dir='ltr'><strong>eum,</strong></span> <span class='ocrx_word' id='word_1_166' title='bbox 429 2007 448 2045; x_wconf 87' lang='lat' dir='ltr'><strong>a</strong></span> <span class='ocrx_word' id='word_1_167' title='bbox 465 1985 550 2045; x_wconf 91' lang='lat' dir='ltr'><strong>cuius</strong></span> <span class='ocrx_word' id='word_1_168' title='bbox 571 1998 734 2062; x_wconf 90' lang='lat' dir='ltr'><strong>conspectu</strong></span> <span class='ocrx_word' id='word_1_169' title='bbox 756 1988 829 2063; x_wconf 88' lang='lat' dir='ltr'><strong>sugit</strong></span> <span class='ocrx_word' id='word_1_170' title='bbox 887 1977 1018 2068; x_wconf 59' lang='lat' dir='ltr'><strong>ff&#39;iss&#39;fi&#39;h</strong></span> 
     </span>
     <span class='ocr_line' id='line_1_23' title="bbox 80 2058 1025 2141; baseline 0.005 -16"><span class='ocrx_word' id='word_1_171' title='bbox 80 2080 156 2126; x_wconf 84' lang='lat' dir='ltr'><strong>terra</strong></span> <span class='ocrx_word' id='word_1_172' title='bbox 170 2081 199 2127; x_wconf 90' lang='lat' dir='ltr'><strong>et</strong></span> <span class='ocrx_word' id='word_1_173' title='bbox 213 2070 338 2141; x_wconf 88' lang='lat' dir='ltr'><strong>caelum,</strong></span> <span class='ocrx_word' id='word_1_174' title='bbox 354 2081 384 2126; x_wconf 92' lang='lat' dir='ltr'><strong>et</strong></span> <span class='ocrx_word' id='word_1_175' title='bbox 399 2068 482 2126; x_wconf 90' lang='lat' dir='ltr'><strong>locus</strong></span> <span class='ocrx_word' id='word_1_176' title='bbox 497 2087 559 2126; x_wconf 89' lang='lat' dir='ltr'><strong>non</strong></span> <span class='ocrx_word' id='word_1_177' title='bbox 573 2079 618 2127; x_wconf 89' lang='lat' dir='ltr'><strong>est</strong></span> <span class='ocrx_word' id='word_1_178' title='bbox 633 2065 773 2126; x_wconf 89' lang='lat' dir='ltr'><strong>inuentus</strong></span> <span class='ocrx_word' id='word_1_179' title='bbox 789 2067 828 2126; x_wconf 87' lang='lat' dir='ltr'><strong>ab</strong></span> <span class='ocrx_word' id='word_1_180' title='bbox 888 2078 929 2118; x_wconf 73' lang='lat' dir='ltr'><strong>Mt·</strong></span> <span class='ocrx_word' id='word_1_181' title='bbox 940 2058 1025 2130; x_wconf 53' lang='lat' dir='ltr'><strong>1¹⁰·&#39;2n&#39;</strong></span> 
     </span>
     <span class='ocr_line' id='line_1_24' title="bbox 79 2127 1012 2224; baseline -0.001 -17"><span class='ocrx_word' id='word_1_182' title='bbox 79 2151 129 2207; x_wconf 89' lang='lat' dir='ltr'><strong>eis.</strong></span> <span class='ocrx_word' id='word_1_183' title='bbox 152 2152 190 2207; x_wconf 90' lang='lat' dir='ltr'><strong>Et</strong></span> <span class='ocrx_word' id='word_1_184' title='bbox 200 2149 260 2208; x_wconf 89' lang='lat' dir='ltr'><strong>uidi</strong></span> <span class='ocrx_word' id='word_1_185' title='bbox 271 2159 404 2208; x_wconf 88' lang='lat' dir='ltr'><strong>mortuos</strong></span> <span class='ocrx_word' id='word_1_186' title='bbox 413 2167 537 2224; x_wconf 86' lang='lat' dir='ltr'><strong>magnos</strong></span> <span class='ocrx_word' id='word_1_187' title='bbox 546 2159 576 2207; x_wconf 87' lang='lat' dir='ltr'><strong>et</strong></span> <span class='ocrx_word' id='word_1_188' title='bbox 585 2147 706 2224; x_wconf 82' lang='lat' dir='ltr'><strong>pusillos</strong></span> <span class='ocrx_word' id='word_1_189' title='bbox 716 2159 828 2207; x_wconf 91' lang='lat' dir='ltr'><strong>stantes</strong></span> <span class='ocrx_word' id='word_1_190' title='bbox 840 2173 867 2206; x_wconf 75' lang='grc' dir='ltr'><strong>ιι</strong></span> <span class='ocrx_word' id='word_1_191' title='bbox 886 2127 972 2218; x_wconf 53' lang='grc' dir='ltr'><strong>ῗὲξῗι,</strong></span> <span class='ocrx_word' id='word_1_192' title='bbox 982 2194 1012 2219; x_wconf 63' lang='grc'><strong>,0,</strong></span> 
     </span>
     <span class='ocr_line' id='line_1_25' title="bbox 80 2228 1104 2308; baseline 0 -21"><span class='ocrx_word' id='word_1_193' title='bbox 80 2230 109 2287; x_wconf 89' lang='lat' dir='ltr'><strong>in</strong></span> <span class='ocrx_word' id='word_1_194' title='bbox 132 2242 294 2308; x_wconf 89' lang='lat' dir='ltr'><strong>conspectu</strong></span> <span class='ocrx_word' id='word_1_195' title='bbox 311 2231 419 2302; x_wconf 85' lang='lat' dir='ltr'><strong>throni,</strong></span> <span class='ocrx_word' id='word_1_196' title='bbox 439 2240 469 2288; x_wconf 90' lang='lat' dir='ltr'><strong>et</strong></span> <span class='ocrx_word' id='word_1_197' title='bbox 488 2228 553 2288; x_wconf 92' lang='lat' dir='ltr'><strong>libri</strong></span> <span class='ocrx_word' id='word_1_198' title='bbox 575 2228 669 2305; x_wconf 89' lang='lat' dir='ltr'><strong>aperti</strong></span> <span class='ocrx_word' id='word_1_199' title='bbox 689 2239 777 2287; x_wconf 88' lang='lat' dir='ltr'><strong>sunt:</strong></span> <span class='ocrx_word' id='word_1_200' title='bbox 798 2239 828 2288; x_wconf 89' lang='lat' dir='ltr'><strong>et</strong></span> <span class='ocrx_word' id='word_1_201' title='bbox 887 2228 1025 2270; x_wconf 49' lang='grc' dir='ltr'><strong>ΝΟΜ·</strong></span> <span class='ocrx_word' id='word_1_202' title='bbox 1097 2264 1104 2281; x_wconf 85' lang='lat'><em>·</em></span> 
     </span>
     <span class='ocr_line' id='line_1_26' title="bbox 78 2308 829 2387; baseline -0.001 -19"><span class='ocrx_word' id='word_1_203' title='bbox 78 2310 153 2369; x_wconf 87' lang='lat' dir='ltr'><strong>alius</strong></span> <span class='ocrx_word' id='word_1_204' title='bbox 169 2309 243 2370; x_wconf 90' lang='lat' dir='ltr'><strong>liber</strong></span> <span class='ocrx_word' id='word_1_205' title='bbox 255 2323 374 2387; x_wconf 86' lang='lat' dir='ltr'><strong>apertus</strong></span> <span class='ocrx_word' id='word_1_206' title='bbox 388 2322 444 2382; x_wconf 91' lang='lat' dir='ltr'><strong>est,</strong></span> <span class='ocrx_word' id='word_1_207' title='bbox 459 2309 510 2387; x_wconf 90' lang='lat' dir='ltr'><strong>qui</strong></span> <span class='ocrx_word' id='word_1_208' title='bbox 530 2321 574 2370; x_wconf 88' lang='lat' dir='ltr'><strong>est</strong></span> <span class='ocrx_word' id='word_1_209' title='bbox 594 2309 691 2370; x_wconf 90' lang='lat' dir='ltr'><strong>uitae:</strong></span> <span class='ocrx_word' id='word_1_210' title='bbox 712 2320 742 2368; x_wconf 89' lang='lat' dir='ltr'><strong>et</strong></span> <span class='ocrx_word' id='word_1_211' title='bbox 756 2308 829 2368; x_wconf 93' lang='lat' dir='ltr'><strong>iudi-</strong></span> 
     </span>
     <span class='ocr_line' id='line_1_27' title="bbox 79 2389 829 2469; baseline -0.001 -21"><span class='ocrx_word' id='word_1_212' title='bbox 79 2391 137 2449; x_wconf 86' lang='lat' dir='ltr'><strong>cati</strong></span> <span class='ocrx_word' id='word_1_213' title='bbox 153 2403 221 2449; x_wconf 90' lang='lat' dir='ltr'><strong>sunt</strong></span> <span class='ocrx_word' id='word_1_214' title='bbox 236 2393 343 2450; x_wconf 90' lang='lat' dir='ltr'><strong>mortui</strong></span> <span class='ocrx_word' id='word_1_215' title='bbox 361 2412 397 2452; x_wconf 90' lang='lat' dir='ltr'><strong>ex</strong></span> <span class='ocrx_word' id='word_1_216' title='bbox 417 2391 462 2450; x_wconf 91' lang='lat' dir='ltr'><strong>his</strong></span> <span class='ocrx_word' id='word_1_217' title='bbox 485 2411 561 2468; x_wconf 85' lang='lat' dir='ltr'><strong>quae</strong></span> <span class='ocrx_word' id='word_1_218' title='bbox 578 2389 686 2469; x_wconf 88' lang='lat' dir='ltr'><strong>scripta</strong></span> <span class='ocrx_word' id='word_1_219' title='bbox 700 2401 784 2450; x_wconf 85' lang='lat' dir='ltr'><strong>erant</strong></span> <span class='ocrx_word' id='word_1_220' title='bbox 799 2389 829 2448; x_wconf 91' lang='lat' dir='ltr'><strong>in</strong></span> 
     </span>
     <span class='ocr_line' id='line_1_28' title="bbox 80 2470 869 2549; baseline -0.001 -20"><span class='ocrx_word' id='word_1_221' title='bbox 80 2470 170 2542; x_wconf 83' lang='lat' dir='ltr'><strong>libris,</strong></span> <span class='ocrx_word' id='word_1_222' title='bbox 198 2473 364 2531; x_wconf 90' lang='lat' dir='ltr'><strong>secundum</strong></span> <span class='ocrx_word' id='word_1_223' title='bbox 385 2492 475 2549; x_wconf 87' lang='lat' dir='ltr'><strong>opera</strong></span> <span class='ocrx_word' id='word_1_224' title='bbox 501 2474 642 2548; x_wconf 91' lang='lat' dir='ltr'><strong>ipsorum.</strong></span> <span class='ocrx_word' id='word_1_225' title='bbox 686 2473 725 2530; x_wconf 90' lang='lat' dir='ltr'><strong>Et</strong></span> <span class='ocrx_word' id='word_1_226' title='bbox 746 2470 829 2531; x_wconf 88' lang='lat' dir='ltr'><strong>dedit</strong></span> <span class='ocrx_word' id='word_1_227' title='bbox 842 2496 869 2543; x_wconf 81' lang='lat'><strong>¹3</strong></span> 
     </span>
     <span class='ocr_line' id='line_1_29' title="bbox 79 2551 830 2629; baseline 0 -19"><span class='ocrx_word' id='word_1_228' title='bbox 79 2573 160 2611; x_wconf 85' lang='lat' dir='ltr'><strong>mare</strong></span> <span class='ocrx_word' id='word_1_229' title='bbox 175 2562 307 2612; x_wconf 87' lang='lat' dir='ltr'><strong>mortuos</strong></span> <span class='ocrx_word' id='word_1_230' title='bbox 322 2551 417 2629; x_wconf 92' lang='lat' dir='ltr'><strong>quiin</strong></span> <span class='ocrx_word' id='word_1_231' title='bbox 431 2573 468 2612; x_wconf 91' lang='lat' dir='ltr'><strong>eo</strong></span> <span class='ocrx_word' id='word_1_232' title='bbox 482 2565 585 2614; x_wconf 89' lang='lat' dir='ltr'><strong>erant:</strong></span> <span class='ocrx_word' id='word_1_233' title='bbox 607 2564 636 2624; x_wconf 86' lang='lat' dir='ltr'><strong>et</strong></span> <span class='ocrx_word' id='word_1_234' title='bbox 651 2572 729 2612; x_wconf 86' lang='lat' dir='ltr'><strong>mors</strong></span> <span class='ocrx_word' id='word_1_235' title='bbox 744 2564 774 2612; x_wconf 91' lang='lat' dir='ltr'><strong>et</strong></span> <span class='ocrx_word' id='word_1_236' title='bbox 789 2551 830 2610; x_wconf 90' lang='lat' dir='ltr'><strong>in-</strong></span> 
     </span>
     <span class='ocr_line' id='line_1_30' title="bbox 78 2634 830 2711; baseline 0.001 -21"><span class='ocrx_word' id='word_1_237' title='bbox 78 2635 156 2693; x_wconf 88' lang='lat' dir='ltr'><strong>ferus</strong></span> <span class='ocrx_word' id='word_1_238' title='bbox 171 2634 318 2692; x_wconf 89' lang='lat' dir='ltr'><strong>dederunt</strong></span> <span class='ocrx_word' id='word_1_239' title='bbox 332 2645 465 2694; x_wconf 89' lang='lat' dir='ltr'><strong>mortuos</strong></span> <span class='ocrx_word' id='word_1_240' title='bbox 480 2635 531 2711; x_wconf 90' lang='lat' dir='ltr'><strong>qui</strong></span> <span class='ocrx_word' id='word_1_241' title='bbox 547 2634 577 2693; x_wconf 92' lang='lat' dir='ltr'><strong>in</strong></span> <span class='ocrx_word' id='word_1_242' title='bbox 592 2634 663 2711; x_wconf 90' lang='lat' dir='ltr'><strong>ipsis</strong></span> <span class='ocrx_word' id='word_1_243' title='bbox 677 2646 777 2693; x_wconf 89' lang='lat' dir='ltr'><strong>erant:</strong></span> <span class='ocrx_word' id='word_1_244' title='bbox 800 2644 830 2692; x_wconf 90' lang='lat' dir='ltr'><strong>et</strong></span> 
     </span>
     <span class='ocr_line' id='line_1_31' title="bbox 78 2713 829 2792; baseline 0 -21"><span class='ocrx_word' id='word_1_245' title='bbox 78 2713 242 2774; x_wconf 88' lang='lat' dir='ltr'><strong>iudicatum</strong></span> <span class='ocrx_word' id='word_1_246' title='bbox 257 2724 302 2774; x_wconf 88' lang='lat' dir='ltr'><strong>est</strong></span> <span class='ocrx_word' id='word_1_247' title='bbox 316 2716 356 2775; x_wconf 91' lang='lat' dir='ltr'><strong>de</strong></span> <span class='ocrx_word' id='word_1_248' title='bbox 369 2714 492 2792; x_wconf 88' lang='lat' dir='ltr'><strong>singulis</strong></span> <span class='ocrx_word' id='word_1_249' title='bbox 506 2717 672 2775; x_wconf 87' lang='lat' dir='ltr'><strong>seeundum</strong></span> <span class='ocrx_word' id='word_1_250' title='bbox 687 2734 777 2792; x_wconf 83' lang='lat' dir='ltr'><strong>opera</strong></span> <span class='ocrx_word' id='word_1_251' title='bbox 788 2713 829 2790; x_wconf 87' lang='lat' dir='ltr'><strong>ip</strong></span> 
     </span>
     <span class='ocr_line' id='line_1_32' title="bbox 78 2795 1029 2869; baseline 0.001 -16"><span class='ocrx_word' id='word_1_252' title='bbox 78 2815 186 2854; x_wconf 91' lang='lat' dir='ltr'><strong>sorum.</strong></span> <span class='ocrx_word' id='word_1_253' title='bbox 231 2798 270 2855; x_wconf 90' lang='lat' dir='ltr'><strong>Et</strong></span> <span class='ocrx_word' id='word_1_254' title='bbox 295 2797 413 2869; x_wconf 86' lang='lat' dir='ltr'><strong>inferus,</strong></span> <span class='ocrx_word' id='word_1_255' title='bbox 440 2807 480 2866; x_wconf 8' lang='lat' dir='ltr'><strong>etp</strong></span> <span class='ocrx_word' id='word_1_256' title='bbox 493 2817 571 2855; x_wconf 91' lang='lat' dir='ltr'><strong>mors</strong></span> <span class='ocrx_word' id='word_1_257' title='bbox 597 2796 678 2855; x_wconf 91' lang='lat' dir='ltr'><strong>missi</strong></span> <span class='ocrx_word' id='word_1_258' title='bbox 703 2808 772 2854; x_wconf 91' lang='lat' dir='ltr'><strong>sunt</strong></span> <span class='ocrx_word' id='word_1_259' title='bbox 797 2795 1029 2868; x_wconf 77' lang='lat' dir='ltr'><strong>in14100r·15·26.</strong></span> 
     </span>
     <span class='ocr_line' id='line_1_33' title="bbox 79 2877 829 2954; baseline 0 -20"><span class='ocrx_word' id='word_1_260' title='bbox 79 2888 216 2953; x_wconf 88' lang='lat' dir='ltr'><strong>stagnum</strong></span> <span class='ocrx_word' id='word_1_261' title='bbox 238 2877 333 2954; x_wconf 88' lang='lat' dir='ltr'><strong>ignis:</strong></span> <span class='ocrx_word' id='word_1_262' title='bbox 355 2879 429 2936; x_wconf 83' lang='lat' dir='ltr'><strong>haec</strong></span> <span class='ocrx_word' id='word_1_263' title='bbox 450 2895 529 2935; x_wconf 90' lang='lat' dir='ltr'><strong>mors</strong></span> <span class='ocrx_word' id='word_1_264' title='bbox 548 2879 680 2938; x_wconf 87' lang='lat' dir='ltr'><strong>secunda</strong></span> <span class='ocrx_word' id='word_1_265' title='bbox 700 2890 751 2946; x_wconf 86' lang='lat' dir='ltr'><strong>est,</strong></span> <span class='ocrx_word' id='word_1_266' title='bbox 773 2887 829 2935; x_wconf 86' lang='lat' dir='ltr'><strong>sta-</strong></span> 
     </span>
    </p>
   </div>
   <div class='ocr_carea' id='block_1_3' title="bbox 77 2997 1038 3185">
    <p class='ocr_par' dir='ltr' id='par_1_7' title="bbox 77 2997 1038 3185">
     <span class='ocr_line' id='line_1_34' title="bbox 111 2997 1038 3061; baseline -0.001 -13"><span class='ocrx_word' id='word_1_267' title='bbox 111 2997 123 3030; x_wconf 82' lang='lat'>⁸</span> <span class='ocrx_word' id='word_1_268' title='bbox 138 2998 300 3061; x_wconf 63' lang='lat' dir='ltr'><strong>praeliamur</strong></span> <span class='ocrx_word' id='word_1_269' title='bbox 358 2998 410 3048; x_wconf 85' lang='lat' dir='ltr'><strong>Inc.</strong></span> <span class='ocrx_word' id='word_1_270' title='bbox 429 3013 455 3048; x_wconf 88' lang='lat' dir='ltr'><strong>u.</strong></span> <span class='ocrx_word' id='word_1_271' title='bbox 474 2998 490 3044; x_wconf 86' lang='lat'>8</span> <span class='ocrx_word' id='word_1_272' title='bbox 507 3001 546 3047; x_wconf 70' lang='lat' dir='ltr'><strong>nt</strong></span> <span class='ocrx_word' id='word_1_273' title='bbox 561 3002 683 3056; x_wconf 68' lang='lat' dir='ltr'><strong>ascend„</strong></span> <span class='ocrx_word' id='word_1_274' title='bbox 699 3015 716 3058; x_wconf 93' lang='lat'><strong>9</strong></span> <span class='ocrx_word' id='word_1_275' title='bbox 731 3002 769 3046; x_wconf 76' lang='lat' dir='ltr'><strong>Et</strong></span> <span class='ocrx_word' id='word_1_276' title='bbox 789 3003 943 3057; x_wconf 79' lang='lat' dir='ltr'><strong>deseendit,</strong></span> <span class='ocrx_word' id='word_1_277' title='bbox 964 3005 1038 3047; x_wconf 79' lang='lat' dir='ltr'><strong>root</strong></span> 
     </span>
     <span class='ocr_line' id='line_1_35' title="bbox 77 3061 1038 3125; baseline -0.001 -12"><span class='ocrx_word' id='word_1_278' title='bbox 77 3069 227 3121; x_wconf 80' lang='lat' dir='ltr'><strong>pseudopr.</strong></span> <span class='ocrx_word' id='word_1_279' title='bbox 240 3063 267 3118; x_wconf 65' lang='lat' dir='ltr'>OE</span> <span class='ocrx_word' id='word_1_280' title='bbox 380 3061 402 3094; x_wconf 86' lang='lat'><strong>¹⁰</strong></span> <span class='ocrx_word' id='word_1_281' title='bbox 418 3079 468 3112; x_wconf 88' lang='lat' dir='ltr'><strong>om.</strong></span> <span class='ocrx_word' id='word_1_282' title='bbox 480 3070 510 3112; x_wconf 78' lang='lat' dir='ltr'><strong>et</strong></span> <span class='ocrx_word' id='word_1_283' title='bbox 521 3064 599 3125; x_wconf 77' lang='lat' dir='ltr'><strong>quint.</strong></span> <span class='ocrx_word' id='word_1_284' title='bbox 614 3062 692 3118; x_wconf 51' lang='lat' dir='ltr'><strong>DS&amp;</strong></span> <span class='ocrx_word' id='word_1_285' title='bbox 792 3064 811 3095; x_wconf 84' lang='lat'><strong>1¹</strong></span> <span class='ocrx_word' id='word_1_286' title='bbox 829 3081 879 3112; x_wconf 86' lang='lat' dir='ltr'><strong>om.</strong></span> <span class='ocrx_word' id='word_1_287' title='bbox 902 3068 937 3112; x_wconf 83' lang='lat' dir='ltr'><strong>ab</strong></span> <span class='ocrx_word' id='word_1_288' title='bbox 960 3061 1038 3119; x_wconf 60' lang='lat' dir='ltr'><strong>GM</strong></span> 
     </span>
     <span class='ocr_line' id='line_1_36' title="bbox 78 3128 1038 3185; baseline -0.001 -8"><span class='ocrx_word' id='word_1_289' title='bbox 78 3129 233 3177; x_wconf 76' lang='lat' dir='ltr'><strong>1³infernus</strong></span> <span class='ocrx_word' id='word_1_290' title='bbox 256 3128 333 3183; x_wconf 58' lang='grc' dir='ltr'><strong>ΒΜ</strong></span> <span class='ocrx_word' id='word_1_291' title='bbox 408 3128 692 3185; x_wconf 62' lang='lat' dir='ltr'><strong>mortuos÷suoszd3</strong></span> <span class='ocrx_word' id='word_1_292' title='bbox 774 3130 794 3160; x_wconf 83' lang='lat'><strong>¹⁴</strong></span> <span class='ocrx_word' id='word_1_293' title='bbox 812 3131 928 3178; x_wconf 82' lang='lat' dir='ltr'><strong>infernus</strong></span> <span class='ocrx_word' id='word_1_294' title='bbox 941 3128 1038 3184; x_wconf 73' lang='lat' dir='ltr'><strong>1)on</strong></span> 
     </span>
    </p>
   </div>
   <div class='ocr_carea' id='block_1_4' title="bbox 80 3192 900 3331">
    <p class='ocr_par' dir='ltr' id='par_1_8' title="bbox 80 3192 900 3331">
     <span class='ocr_line' id='line_1_37' title="bbox 80 3192 900 3261; baseline 0.002 -20"><span class='ocrx_word' id='word_1_295' title='bbox 80 3201 108 3247; x_wconf 94' lang='lat'>&gt;</span> <span class='ocrx_word' id='word_1_296' title='bbox 118 3204 158 3242; x_wconf 85' lang='lat' dir='ltr'><strong>est</strong></span> <span class='ocrx_word' id='word_1_297' title='bbox 171 3209 240 3242; x_wconf 90' lang='lat' dir='ltr'><strong>mors</strong></span> <span class='ocrx_word' id='word_1_298' title='bbox 250 3195 361 3242; x_wconf 85' lang='lat' dir='ltr'><strong>secunda</strong></span> <span class='ocrx_word' id='word_1_299' title='bbox 373 3192 443 3261; x_wconf 57' lang='lat'><strong>§413</strong></span> <span class='ocrx_word' id='word_1_300' title='bbox 460 3193 546 3242; x_wconf 80' lang='lat' dir='ltr'><strong>deinde</strong></span> <span class='ocrx_word' id='word_1_301' title='bbox 555 3211 605 3243; x_wconf 87' lang='lat' dir='ltr'><strong>om.</strong></span> <span class='ocrx_word' id='word_1_302' title='bbox 618 3199 749 3250; x_wconf 72' lang='lat' dir='ltr'><strong>stagnum</strong></span> <span class='ocrx_word' id='word_1_303' title='bbox 761 3198 836 3252; x_wconf 71' lang='lat' dir='ltr'><strong>ignis</strong></span> <span class='ocrx_word' id='word_1_304' title='bbox 850 3194 900 3250; x_wconf 58' lang='grc' dir='ltr'><strong>Μ</strong></span> 
     </span>
     <span class='ocr_line' id='line_1_38' title="bbox 526 3273 580 3331; baseline -0.019 -12"><span class='ocrx_word' id='word_1_305' title='bbox 526 3273 580 3331; x_wconf 75' lang='lat'><strong>‘615</strong></span> 
     </span>
    </p>
   </div>
   <div class='ocr_carea' id='block_1_5' title="bbox 0 0 1134 3630">
    <p class='ocr_par' dir='ltr' id='par_1_9' title="bbox 0 0 1134 3630">
     <span class='ocr_line' id='line_1_39' title="bbox 0 0 1134 3630; baseline 0 0"><span class='ocrx_word' id='word_1_306' title='bbox 0 0 1134 3630; x_wconf 95' lang='lat' dir='ltr'><strong> </strong></span> 
     </span>
    </p>
   </div>
  </div>
 </body>
</html>
