2250 3630
204 175 446 246 SECUNDUM
469 175 724 237 MATTHEUM
843 224 846 229 -
873 219 876 223 .
899 181 950 239 20:
966 202 1054 252 rma

85 342 157 391 sunt
171 331 254 407 quod
268 332 336 407 plus
355 342 455 390 essent
473 331 641 408 accepturi:
662 341 843 409 acceperunt
876 358 883 381 τ

84 423 187 472 autem
197 423 227 471 et
235 413 291 488 ipsi
300 411 432 488 singulos
441 414 589 472 denarios.
613 416 652 472 Et
660 413 842 490 accipientes
854 438 883 472 rr

86 493 313 552 murmurabant
333 495 477 553 aduersus
498 506 613 569 patrem
630 494 764 568 familias,
779 495 784 532 ¹
799 495 842 554 di·
853 520 881 552 12

84 585 206 634 centes:
230 575 274 631 Hi
292 572 448 632 nouissimi
467 594 529 633 una
547 576 621 634 hora
639 577 790 636 lecerunt:
811 586 843 635 et

84 674 171 732 pares
187 655 253 713 illos
272 655 360 712 nobis
375 654 479 725 fecisti,
496 657 546 731 qui
565 659 752 732 portauimus
769 675 842 732 pon-

83 738 142 795 dus
164 734 224 794 diei
246 746 276 794 et
296 747 405 794 aestus,
448 739 490 795 At
511 735 566 794 ille¹
581 739 767 812 respondens
788 738 883 808 uni13
906 752 908 756 ·

83 836 199 886 eorum,
216 815 306 874 dixit:
329 815 444 888 Amice,
456 837 520 875 non
534 817 611 876 facio
624 817 680 877 tibi
694 817 842 876 iniuriam.

35 900 38 907 '
84 899 197 956 Nonne
212 917 249 956 ex
259 898 383 956 denario
394 897 563 956 conuenisti
574 901 716 958 mecum?
732 901 736 936 ¹
752 901 841 958 Tolle
853 924 883 973 14
904 919 906 923 ’

82 980 169 1055 quod
183 989 269 1036 tuum
284 989 337 1048 est,
353 989 384 1037 et
398 979 493 1037 uade:
516 981 588 1038 uolo
602 992 702 1038 autem
721 992 751 1039 et
771 980 842 1039 huic
905 1038 907 1041 ,

82 1058 250 1118 nouissimo
269 1061 340 1118 dare
359 1058 436 1118 sicut
454 1070 485 1118 et
503 1059 566 1119 tibi.
609 1063 671 1118 Aut
689 1080 752 1119 non
771 1060 841 1120 licet
853 1085 881 1134 15
905 1087 907 1090 ⁴

82 1141 157 1198 mihi
173 1141 256 1216 quod
271 1142 342 1199 uolo
356 1142 475 1199 facere?
515 1144 566 1199 An
584 1142 689 1199 oculus
706 1153 775 1200 tuus
790 1161 841 1200 ne·
906 1150 910 1156 ’
947 1153 949 1156 ’
987 1153 990 1159 ’

82 1240 175 1297 quam
197 1231 243 1280 est
264 1220 335 1296 quia
355 1241 412 1298 ego
434 1222 532 1281 bonus
551 1225 641 1281 sum?
682 1222 732 1280 Sic
751 1234 838 1280 erunt
850 1233 880 1283 16
897 1241 927 1282 19.
938 1255 969 1292 30,
977 1240 1009 1282 aa.
1020 1255 1050 1290 14.

82 1300 243 1372 nouissimi,
264 1301 360 1378 primi,
383 1314 413 1362 et
437 1302 525 1380 primi
550 1301 723 1363 nouissimi:
752 1302 840 1362 multi

82 1392 154 1441 sunt
168 1388 249 1441 enim
263 1383 371 1454 uocati,
387 1383 475 1460 pauci
489 1395 589 1443 autem
603 1383 699 1443 electi.

28 1461 65 1554 ’ἓ
89 1499 92 1503 -
125 1465 165 1522 Et
178 1464 345 1522 ascendens
361 1466 446 1523 Iesus
458 1467 707 1542 Hierosolymam,
719 1466 880 1537 adsum-17
898 1533 936 1574 Mc
944 1482 1006 1571 ἔξω
1019 1546 1043 1582 34

938 1563 943 1573 .
971 1547 1019 1582 ,32-

81 1541 121 1602 sit
141 1544 303 1602 duodecim
324 1544 488 1621 discipulos
508 1559 630 1618 secreto,
650 1557 681 1605 et
701 1545 743 1604 ait
764 1545 838 1605 illis:
898 1561 1050 1632 Lam-„53

82 1627 166 1683 Ecce
192 1624 384 1684 ascendimus
413 1627 663 1702 Hierosolymam,
689 1638 721 1686 et
744 1626 879 1686 Filius18
897 1651 969 1700 ram,

80 1704 215 1764 hominis
237 1707 369 1766 tradetur
389 1706 572 1784 principibus
593 1709 783 1767 sacerdotum
808 1720 838 1767 et
898 1701 1010 1751 ΜΡ»

81 1786 199 1858 scribis,
215 1797 245 1845 et
259 1786 506 1847 condemnabunt
519 1807 590 1846 eum
604 1800 718 1847 morte:
740 1801 773 1848 et¹
784 1799 840 1847 tra·
850 1814 880 1865 19

81 1869 159 1927 dent
175 1887 245 1926 eum
260 1867 399 1944 gentibus
417 1869 457 1928 ad
471 1870 677 1928 deludendum
697 1880 727 1928 et
741 1871 842 1946 flagel-

81 1950 208 2008 landum
223 1960 253 2008 et
268 1948 521 2026 crucifigendum:
541 1961 571 2009 et
583 1949 669 2009 tertia
683 1949 733 2010 die
747 1970 841 2010 resur-

101 2040 139 2089 et.

30 2049 100 2210 ’gssg
123 2113 213 2170 Tunc
226 2111 352 2171 accessit
365 2114 404 2172 ad
418 2132 487 2173 eum
499 2122 593 2172 mater
603 2110 731 2171 filiorum
746 2112 838 2172 Zebe
848 2137 880 2172 20
941 2127 1005 2170 auae

81 2191 152 2251 daei
166 2212 235 2252 cum
250 2193 318 2252 filiis
333 2193 401 2266 suis,
417 2196 545 2254 adorans
559 2206 590 2253 et
604 2204 709 2271 petens
723 2193 838 2270 aliquid
897 2181 1048 2229 ¹¹¹⁰·¹⁰·³⁵'⁴⁵‘

81 2272 182 2332 abeo
196 2272 200 2306 ¹
217 2273 277 2348 Qui
293 2274 367 2333 dixit
378 2274 424 2335 ei:
445 2273 528 2350 Quid
543 2272 613 2334 uis?
640 2274 692 2334 Ait
704 2273 762 2334 illi:
779 2273 838 2333 Dic
849 2300 877 2334 21
896 2296 928 2337 n.
938 2297 973 2336 ιε,

82 2365 116 2413 ut
131 2355 256 2413 sedeant
271 2356 302 2413 hi
317 2355 379 2414 duo
393 2354 446 2414 filii
460 2355 527 2427 mei,
539 2375 618 2415 unus
631 2357 671 2415 ad
685 2357 838 2415 dexteram

82 2446 176 2505 tuam,
189 2445 219 2494 et
230 2454 308 2495 unus
319 2437 358 2495 ad
374 2436 529 2507 sinistram,
543 2435 574 2495 in
585 2455 677 2513 regno
687 2448 749 2496 tuo.
779 2437 837 2496 Re·
848 2463 876 2495 η

81 2517 238 2592 spondens
260 2527 361 2576 autem
387 2520 472 2576 Iesus
496 2516 586 2577 dixit:
612 2516 741 2576 Nescitis
763 2516 837 2593 quid
894 2525 1008 2614 ²⁶'³⁹1's⁴²'

81 2595 209 2673 petatis:
227 2596 352 2672 potestis
364 2596 466 2657 bibere
480 2596 603 2656 calicem
619 2617 709 2674 quem
723 2617 780 2674 ego
795 2598 837 2656 bi·
896 2576 943 2617 ¹⁰¹¹·
979 2589 1025 2616 '¹¹'

82 2675 200 2736 biturus
214 2681 304 2736 sum?
339 2677 452 2737 Dicunt
463 2677 507 2738 ei:
530 2681 701 2737 Possumus.
720 2678 723 2714 ¹
740 2676 792 2738 Ait
806 2677 837 2737 il·
848 2703 877 2750 ²3
895 2683 943 2723 Act·
954 2681 984 2772 ¹21·
995 2696 1013 2722 ²·

81 2756 136 2816 lis:
161 2757 295 2818 Calicem
317 2757 440 2835 quidem
463 2779 563 2818 meum
585 2758 711 2819 bibetis:
733 2761 838 2819 sedere
894 2734 961 2785 ‘³⁹⁰⁰'
985 2747 1019 2784 '⁹'

82 2850 183 2897 autem
195 2840 238 2898 ad.
246 2840 398 2899 dexteram
410 2859 508 2898 meam
519 2851 549 2899 et
557 2839 708 2911 ¹sinistram
720 2859 780 2898 non
792 2850 838 2899 est
941 2898 943 2904 ,

83 2939 186 2979 meum
201 2921 272 2979 dare
287 2919 382 2993 uobis,
399 2922 453 2980 sed
473 2919 582 2997 quibus
601 2933 737 2997 paratum
757 2931 839 2979 esta
904 2926 906 2932 '

115 3083 137 3117 ¹⁸
158 3092 185 3138 >
195 3085 262 3132 enim
275 3092 335 3132 sunt
348 3081 401 3138 Sil
465 3091 575 3135 autem:
592 3099 654 3132 vero
668 3082 720 3139 §li
801 3082 822 3115 ¹¹
839 3087 1047 3133 deludendum:

82 3151 243 3199 illudendum
256 3148 308 3205 Sil
374 3149 395 3181 ⁹³
412 3153 615 3200 steintunam:
634 3150 675 3197 vel
687 3148 818 3197 sinistram
830 3147 883 3204 ,Μ
909 3163 912 3167 ·

552 3239 581 3290 51
