2250 3630
64 245 65 248 Ν
105 155 279 228 3.17-4.1
445 155 584 217 Actus
606 154 927 218 apostotoauu

314 309 457 389 integram
480 311 637 372 sanitatem
661 310 748 372 istam
769 310 800 370 in
823 321 987 387 conspectu
1009 331 1072 371 om·

105 413 254 464 13.27,1t.30.
273 412 301 466 ¹7
314 392 396 451 nium
411 404 552 452 uestrum.
591 395 630 452 Et
644 413 725 452 nunc
736 394 849 466 fratres,
859 392 921 452 seio
936 392 1008 468 quia
1018 413 1071 470 per

113 463 214 555 xffiffij
224 479 254 565 {32
313 472 511 551 ignorantiam
528 473 646 546 fecistis,
663 473 740 533 sicut
756 485 785 533 et
802 473 950 551 principes
968 475 1068 535 uestri.

105 581 254 632 nemean.
273 566 301 613 18
314 557 397 613 Deus
414 565 524 628 autem,
547 575 624 630 quae
643 553 862 631 praenuntiauit
881 574 933 631 per
951 575 986 614 os
1008 576 1072 615 om-

312 635 396 694 nium
405 636 617 711 prophetarum
627 635 688 712 pati
698 634 851 697 Christum
860 652 955 707 suum,
967 635 1071 712 imple-

136 746 182 784 Λα,
193 743 211 784 2,
223 749 254 794 3⁸,
273 741 303 790 19
313 715 356 774 uit
371 715 422 774 sic.
459 716 656 795 Paenitemini
671 716 758 793 igitur
768 728 797 775 et
811 716 1022 776 conuertimini
1037 730 1070 779 ut

271 822 302 856 20
313 799 469 856 deleantur
492 809 591 856 uestra
617 809 758 874 peccata:
788 805 907 862 †cum†
932 797 1069 858 uenerint

312 889 448 955 tempora
461 877 601 954 refrigerii
614 898 632 937 a
646 889 809 955 conspectu
822 877 953 950 Domini,
971 890 1001 937 et
1016 879 1070 936 mi-

312 960 381 1018 serit
399 979 468 1018 eum
492 957 544 1036 qui
567 958 752 1035 praedicatus
776 970 821 1018 est
844 957 940 1031 uobis,
966 961 1068 1018 Iesum

195 1063 212 1104 ι,
224 1079 254 1106 11,
271 1063 299 1097 21
313 1039 484 1100 Christum:
505 1060 595 1116 quem
607 1051 723 1117 oportet
738 1041 854 1098 caelum
869 1039 991 1115 quidem
1007 1060 1069 1099 sus-

312 1119 409 1197 cipere
420 1140 514 1197 usque
529 1120 559 1179 in
575 1133 709 1196 tempora
723 1119 915 1179 restitutionis
930 1119 1067 1180 omnium

312 1221 389 1277 quae
403 1204 520 1261 locutus
535 1212 580 1261 est
599 1204 682 1262 Deus
695 1220 747 1278 per
762 1221 796 1261 os
810 1213 981 1260 sanctorum
1001 1221 1068 1261 suo

103 1303 253 1355 Dt.18.15,18,
272 1308 300 1340 22
313 1303 378 1341 rum
393 1302 410 1341 a
425 1284 544 1341 saeculo
561 1283 780 1359 prophetarum.
824 1284 925 1341 Moses
943 1283 1067 1356 quidem

138 1370 254 1456 Amlssj
311 1363 400 1422 dixit:
431 1361 583 1436 Quoniam
606 1364 781 1439 prophetam
803 1361 889 1422 uobis
912 1361 1067 1422 suscitabit

221 1435 232 1456 ⁰
311 1443 460 1503 Dominus
472 1446 555 1502 Deus
564 1455 662 1502 uester
669 1445 708 1503 de
716 1443 853 1503 iratribus
864 1445 978 1502 uestris:
994 1455 1067 1502 tam-

312 1543 403 1600 quam
423 1543 470 1583 me
491 1523 589 1600 ipsum
607 1524 734 1584 audietis
755 1526 835 1583 iuxta
857 1522 963 1583 omnia,
979 1544 1068 1601 quae-

117 1633 169 1675 teu.
179 1633 211 1675 ῃ,
222 1648 253 1686 ,9,
271 1630 282 1662 2
287 1629 300 1676 3
312 1624 442 1680 cumque
450 1607 658 1665 locutusfuerit
664 1606 759 1665 uobis.
778 1607 841 1665 Erit
849 1617 959 1677 autem,
966 1606 1067 1666 omnis

310 1687 412 1765 anima
432 1705 640 1762 quaecumque
661 1707 722 1746 non
740 1685 867 1746 audierit
886 1688 1066 1763 prophetam

270 1792 300 1839 24
312 1765 403 1838 illum,
427 1766 669 1826 exterminabitur
693 1769 731 1827 de
754 1768 851 1845 plebe.
897 1770 936 1826 Et
959 1788 1066 1828 omnes

311 1848 473 1923 prophetae
495 1867 513 1905 a
531 1849 672 1907 Samuhel
692 1861 721 1908 et
740 1848 883 1925 deinceps
903 1848 955 1925 qui
973 1851 1065 1911 locuti

103 1957 166 1996 Rom.
176 1955 194 1994 a
205 1970 222 2005 ⁴,
234 1969 251 2005 5,
269 1952 299 2000 25
311 1940 394 2000 sunt·
405 1940 434 1988 et
447 1928 701 1989 adnuntiauerunt
715 1929 779 1990 dies
794 1929 874 1989 istos.
913 1931 979 1989 Uos
995 1929 1066 1991 estis

116 2005 252 2098 &baidi
310 2009 361 2068 filii
380 2011 601 2087 prophetarum,
619 2021 648 2069 et
670 2009 840 2070 testamenti
862 2012 944 2086 quod
967 2009 1065 2087 dispo·

194 2087 199 2096 '
219 2086 224 2097 '
247 2087 252 2097 '
310 2089 368 2149 suit
386 2093 470 2149 Deus
483 2091 522 2150 ad
540 2100 637 2167 patres
654 2103 780 2164 uestros,
797 2091 901 2151 dicens
918 2092 957 2151 ad
973 2092 1067 2150 Abra

310 2173 397 2230 ham:
420 2174 459 2231 Et
475 2171 507 2231 in
523 2174 638 2232 semine
655 2183 708 2231 tuo
726 2172 942 2232 benedicentur
959 2192 1066 2233 ornnes

236 2316 237 2319 Ἴ
268 2262 298 2310 26
309 2250 438 2312 familiae
447 2263 547 2313 terrae.
579 2252 677 2313 Uobis
686 2253 814 2331 primum
825 2256 909 2312 Deus
918 2253 1066 2314 suscitans

310 2333 418 2392 Filium
432 2354 528 2407 suum,
542 2333 622 2394 misit
632 2354 702 2394 eum
716 2333 946 2394 benedicentem
959 2334 1065 2395 uobis:

309 2425 341 2472 ut
355 2425 511 2475 conuertat
525 2435 557 2474 se
571 2415 778 2491 unusquisque
792 2435 810 2474 a
823 2414 959 2491 nequitia
974 2435 1036 2475 sua

276 2491 302 2552 4
319 2529 321 2533 ,
350 2495 559 2571 Loquentibus
568 2507 671 2556 autem
682 2495 739 2554 illis
749 2497 788 2555 ad
799 2497 954 2573 populum,
967 2515 1066 2574 super-

134 2666 153 2698 ¹⁸
170 2682 256 2723 quae:
274 2668 318 2730 qui
330 2667 397 2724 Μ*
453 2677 480 2724 >
489 2670 526 2717 sic
539 2668 656 2731 impleuit
667 2668 721 2725 Μ
781 2670 802 2703 ¹⁰
822 2676 849 2723 >
859 2679 966 2732 peccata
979 2679 1065 2721 vestra

102 2730 153 2785 Μ
232 2733 254 2766 ²⁰
270 2736 372 2792 †oum†
381 2735 539 2783 restituimus
549 2751 579 2782 ex
589 2733 657 2783 codd.
671 2737 698 2796 (ι.
704 2734 783 2798 dem.)
796 2737 915 2797 anb'quae
926 2738 1064 2791 uersioms:

101 2805 128 2843 ut
139 2797 207 2846 codd.
221 2799 266 2846 alii
279 2799 309 2864 (d
323 2799 352 2862 h)
369 2799 475 2847 eiusdem
493 2801 630 2860 uersiom's3
647 2807 676 2849 ut
689 2816 747 2848 cum
763 2801 805 2865 (ex
818 2801 977 2864 conflatione)
995 2802 1061 2852 codd.

102 2861 296 2923 Hieronymiani
310 2872 389 2926 paene
406 2881 486 2926 omn„
505 2871 527 2912 ct
544 2864 597 2921 Μ
690 2864 709 2896 ²¹
730 2868 875 2928 >quidem
894 2862 995 2916 caelum
1014 2866 1064 2924 Μ

100 2924 122 2956 ²²
142 2929 310 2978 >suscitabit
327 2929 400 2977 vobis
418 2929 470 2984 Μ
520 2929 680 2985 distinaainus
691 2935 770 2987 dest.
783 2935 904 2982 uestris:
920 2939 1063 2992 tamquam

101 3005 145 3038 me
153 2994 375 3047 iprumaudietis
386 3009 444 3054 cum
454 2995 500 3043 AF
511 3012 517 3042 :
535 2996 567 3042 de
576 2995 607 3044 ir.
619 2998 721 3056 uestris,
729 3004 857 3058 tamquam
866 2998 995 3060 meipsum
1004 2998 1060 3052 aud.

100 3052 142 3113 23
160 3056 192 3103 de
204 3058 233 3105 sr.
243 3059 344 3119 uestris,
357 3065 544 3121 tamquam-me,
554 3060 638 3122 ipsum
647 3063 705 3111 aud.
717 3061 745 3116 01
816 3061 837 3094 ²³
853 3078 1061 3124 quaecumque:

100 3135 166 3178 quae
178 3120 230 3175 Μ
296 3121 317 3153 ²⁴
334 3138 383 3172 om.
397 3131 426 3173 et
438 3131 489 3174 tert.
502 3124 556 3182 Μ
620 3125 643 3160 ²⁶
658 3133 785 3178 uestros:
802 3135 905 3178 nostros
916 3127 972 3193 Μ

559 3205 607 3255 286
