2250 3630
91 189 219 260 7.15-27
416 184 658 247 SECUNDUM
682 172 937 247 MATTHEUM

118 398 142 438 M
172 345 243 438 {3²⁴2
301 356 386 422 porta
396 354 425 405 et
435 355 498 404 arta
509 343 557 403 uia
568 363 645 421 quae
655 344 737 404 ducit
745 345 784 405 ad
794 343 900 407 uitam:
922 357 952 407 et
962 349 1052 424 pauci

143 410 160 439 ⁰'
197 409 243 446 '²⁴'
301 438 370 486 sunt
388 425 439 503 qui
454 425 610 485 inueniunt
625 445 699 485 eam.

118 514 162 606 ἐξ
172 529 202 606 {33
212 528 243 605 ἒς
262 531 290 581 15
343 506 497 598 Attendite
511 526 529 565 a
543 505 622 598 faisis
633 505 793 599 piophetis,
806 505 857 599 qui
872 506 999 570 ueniunt
1012 512 1052 570 ad
1065 489 1090 602 Ξ

300 607 355 648 uos
369 609 401 646 m
415 597 600 647 uestimentis
615 607 736 648 ouium:
758 598 935 650 intrinsecus
948 600 1052 649 autem

171 681 242 733 1233,
262 680 292 729 16
303 679 372 729 sunt
389 666 451 744 lupi
468 687 606 744 rapaces:
629 688 646 727 a
665 667 810 728 fructibus
824 688 928 729 eorum
942 689 1053 748 cogno

96 734 132 777 ¹⁴⁰·
142 733 161 775 θ’
170 747 202 784 ⁴⁴’
211 747 243 784 ⁴⁵·
300 751 387 809 scetis
402 768 463 808 eos.
499 748 656 826 Numquid
667 749 811 826 colligunt
822 751 861 809 de
871 749 965 827 spinis
977 770 1052 811 uuas
1064 759 1113 810 sals

259 849 287 904 17
299 842 350 890 aut
365 832 403 890 de
418 827 532 889 tribulis
547 831 645 890 ficus?
686 829 735 890 Sic
754 829 851 890 omnis
868 830 956 890 arbor
971 831 1052 891 bona
1065 848 1113 899 5⁸1⁵

297 913 409 971 fructus
420 910 518 971 bonos
530 913 599 971 facit
610 935 616 971 :
632 913 717 987 mala
726 922 828 971 autem
838 911 926 970 arbor
937 913 1052 972 fructus

136 1001 173 1044 Le·
182 1000 201 1043 ⁶·
211 1015 243 1052 ⁴³·
263 1006 292 1053 18
304 995 398 1052 malos
417 990 494 1051 facit.
547 994 618 1053 Non
633 1003 731 1070 potest
745 992 832 1052 arbor
843 992 924 1052 bona
938 993 1053 1053 fructus

301 1076 395 1134 malos
406 1075 518 1132 facere:
532 1093 631 1151 neque
642 1073 731 1134 arbor
741 1075 819 1132 mala
830 1075 941 1133 fructus
951 1073 1052 1134 bonos

182 1168 202 1209 e.
213 1183 242 1218 ιο,
262 1180 292 1231 19
302 1156 406 1215 facere.
445 1154 552 1214 Omnis
566 1156 654 1214 arbor
667 1173 744 1231 quae
759 1174 820 1213 non
835 1153 904 1214 facit
921 1156 1052 1214 fructum

98 1219 242 1320 10,‚¹s{;{‚&
261 1262 291 1296 20
302 1237 424 1308 bonum,
441 1235 585 1295 exciditur
599 1248 628 1295 et
643 1234 674 1294 in
689 1234 787 1312 ignem
802 1233 944 1296 mittitur:
963 1235 1053 1313 igitur

136 1338 200 1379 Lau.
210 1341 242 1388 ⁴⁶·
262 1342 289 1376 21
302 1338 337 1377 ex
347 1316 484 1376 fructibus
493 1337 590 1376 eorum
600 1314 780 1394 cognoscetis
789 1335 848 1376 eos.
874 1318 945 1376 Non
955 1317 1051 1376 omnis
1065 1312 1091 1369 ⁵-⁹

111 1388 242 1481 ngssjfjssf
300 1397 352 1475 qui
373 1396 445 1457 dicit
468 1396 542 1456 mihi
558 1397 698 1469 Domine,
719 1399 860 1471 Domine,
875 1395 997 1457 intrabit
1020 1399 1052 1457 in
1071 1388 1085 1426 ³

299 1498 422 1556 regnum
444 1481 611 1539 caelorum:
634 1480 688 1538 sed
707 1477 758 1556 qui
775 1477 845 1538 sacit
864 1479 1051 1539 uoluntatem

300 1558 394 1619 Patris
415 1562 474 1620 mei
497 1559 548 1636 qui
570 1561 600 1618 in
619 1561 709 1620 caelis
728 1571 781 1632 est,
798 1558 861 1636 ipse
878 1558 1000 1620 intrabit
1019 1561 1051 1619 in

90 1645 126 1686 Le·
134 1643 165 1685 1³·
173 1658 242 1695 ψη·
261 1665 289 1699 22
302 1661 423 1719 regnum
431 1643 583 1702 caelomm.
601 1641 690 1701 Multi
700 1640 801 1702 dicent
810 1638 883 1699 mihi
892 1642 923 1699 in
933 1639 982 1700 illa
991 1639 1050 1714 die,
1065 1627 1091 1687 ⁶-⁰

300 1723 440 1795 Domine,
458 1721 598 1796 Domine,
614 1743 717 1782 nonne
733 1721 764 1781 in
780 1733 832 1782 tuo
846 1720 971 1782 nomine
985 1742 1051 1800 pro
1071 1705 1084 1743 ⁵

298 1803 496 1881 phetauimus,
509 1815 539 1863 et
554 1803 585 1862 in
596 1815 648 1863 tuo
660 1805 782 1863 nomine
793 1802 954 1862 daemonia
964 1802 1052 1863 eieci·

298 1905 373 1956 muS,
384 1896 414 1944 et
423 1885 454 1944 in
463 1896 515 1945 tuo
525 1884 648 1945 nomine
656 1885 780 1945 uirtutes
789 1886 897 1944 multas
905 1885 1052 1944 fecimus?

259 1989 289 2038 ²3
301 1968 340 2025 Et
359 1977 431 2026 tunc
449 1967 617 2026 confitebor
631 1966 687 2025 illis
702 1965 782 2042 Quia
796 1985 961 2042 numquam
976 1963 1051 2025 noui

298 2067 366 2107 uos:
381 2047 554 2108 disceditea
563 2049 668 2125 mequi
678 2045 841 2124 operamini
851 2044 1049 2123 iniquitatem.
1064 2045 1089 2104 ἱ*

133 2137 197 2202 ᾊ-ἳῒ
261 2153 291 2201 ²4
303 2128 410 2188 Omnis
421 2149 491 2206 ergo
505 2128 556 2207 qui
571 2127 655 2188 audit
669 2128 760 2187 uerba
771 2147 839 2188 mea
848 2129 924 2186 haee
935 2139 965 2187 et
978 2125 1051 2188 facit
1071 2123 1084 2161 ⁵

100 2188 135 2229 ¹²·
144 2194 163 2230 ⁰·
173 2202 243 2240 Ν
300 2228 344 2280 ea,
356 2208 574 2270 adsimilabitur
587 2209 652 2269 uiro
666 2207 801 2286 sapienti,
813 2207 865 2285 qui
878 2207 1052 2269 aedificauit

259 2314 288 2360 ²⁵
301 2290 424 2348 domum
434 2310 518 2349 suam
527 2310 614 2367 supra
622 2301 755 2367 petram:
776 2301 806 2349 et
817 2289 973 2349 deseendit
987 2291 1053 2368 plu·

298 2369 355 2442 uia,
367 2383 397 2429 et
408 2382 555 2430 uenerunt
569 2370 701 2442 flumina,
714 2381 745 2430 et
754 2372 901 2430 flauerunt
914 2370 1008 2444 uenti,
1018 2381 1053 2431 et

298 2449 451 2510 inruerunt
461 2453 491 2510 in
501 2453 625 2511 domum
635 2451 725 2525 illam,
735 2463 764 2511 et
774 2471 837 2510 non
847 2449 956 2511 cecidit
967 2474 974 2510 ε
985 2453 1053 2526 fun·

259 2541 290 2590 26
301 2533 372 2591 data
388 2533 468 2592 enim
488 2544 549 2592 erat
567 2553 656 2610 supra
673 2545 794 2609 petram.
832 2533 871 2590 Et
884 2530 984 2591 omnis
997 2532 1053 2608 qui

298 2611 382 2672 audit
400 2613 493 2672 uerba
510 2632 578 2672 mea
591 2615 666 2673 haec
680 2625 710 2673 et
724 2633 786 2672 non
801 2611 871 2670 facit
884 2631 928 2684 ea,
944 2610 1053 2674 similis

298 2692 353 2752 erit
372 2693 437 2753 uiro
455 2695 554 2765 stultu,
570 2696 621 2770 qui
636 2692 807 2753 aedificauit
823 2694 950 2753 domum
963 2713 1052 2754 suam

259 2794 288 2847 ²7
300 2793 388 2850 supra
399 2777 558 2834 harenam:
580 2785 610 2833 et
623 2775 780 2834 descendit
794 2772 904 2849 pluuia,
916 2784 948 2832 et
961 2794 1053 2836 uene

297 2866 366 2914 runt
384 2857 517 2926 flumina,
532 2866 562 2914 et
580 2857 728 2914 flauerunt
743 2855 837 2926 uenti,
851 2864 882 2913 et
896 2853 1053 2916 inruerunt

123 2966 145 2998 ¹⁸
161 2974 232 3014 arcta
257 2966 310 3023 Sc
386 2974 459 3020 ui⁸÷
467 2976 507 3017 est
532 2967 584 3024 SC
694 2966 716 2999 ¹²
735 2967 854 3020 >malos
875 2967 975 3017 fruems
996 2967 1053 3026 SC

91 3032 112 3066 ¹⁸
128 3038 159 3086 >
170 3031 251 3079 malos
260 3033 358 3083 {metus
366 3037 478 3083 etbouos
486 3033 583 3083 fruetus
594 3032 648 3088 Μ
722 3032 744 3063 ”
760 3034 924 3082 excideturet
933 3035 1054 3084 mittettn

90 3096 144 3153 St
241 3096 263 3128 ²²
282 3101 346 3153 >in
363 3101 468 3147 nomine
485 3107 532 3147 tuo
549 3106 587 3146 ter
600 3098 655 3154 56
759 3097 781 3129 ²⁸
798 3114 815 3146 ι
834 3112 1005 3149 mommo·
1025 3099 1052 3157 5

89 3161 394 3226 'irmemntzffian
461 3165 578 3226 supera
643 3162 666 3197 ⁸
681 3179 761 3226 super
771 3162 825 3219 ξε

557 3242 588 3292 16
