2250 3630
83 169 111 228 7.
127 172 231 244 4ο·8.
248 195 260 229 2
455 170 699 232 SECUNDUM
720 169 874 230 LUCAM

288 326 313 385 si
331 336 409 386 esset
428 327 574 403 propheta
591 326 680 385 sciret
692 325 799 402 utique
811 344 890 402 quae
904 336 934 384 et
948 324 1045 401 qualis

293 407 407 479 mulier,
420 427 499 483 quae
517 405 611 484 tangit
627 427 714 466 eum:
735 406 806 482 quia
824 405 973 482 peccatrix
990 418 1044 465 est.

249 513 283 562 40
292 490 331 547 Et
350 489 536 565 respondens
552 490 646 559 Iesus,
661 486 735 547 dixit
748 487 789 546 ad
807 486 909 547 illum:
930 489 1044 557 Simon,

290 568 390 628 habeo
404 568 458 630 tibi
472 568 587 645 aliquid
601 568 709 628 dicere.
752 571 794 628 At
807 567 858 628 ille
872 568 931 627 ait:
949 568 1046 644 Magi-

248 675 278 724 4¹
291 662 359 723 ster,
380 650 438 711 dic
483 652 555 709 Duo
575 650 727 710 debitores
747 660 832 708 erant
850 651 971 710 cuidam
988 651 1046 708 sae-

290 731 436 792 neratori:
461 750 539 790 unus
555 730 688 791 debebat
704 729 843 790 denarios
856 731 1044 808 quingentos,

247 839 277 886 42
290 812 366 872 alius
374 811 599 890 quinquaginta.
628 813 700 870 Non
709 812 890 871 habentibus
899 814 955 871 illis
964 813 1046 871 unde

291 894 458 966 redderent,
475 893 601 954 donauit
615 892 756 969 utrisque.
801 893 877 968 Quis
891 913 961 969 ergo
975 913 1045 952 eum

247 999 279 1048 43
290 976 358 1051 plus
372 974 497 1052 diliget?
539 976 740 1051 Respondens
755 972 859 1034 Simon
873 973 967 1033 dixit:
990 977 1048 1033 Ae·

229 1124 233 1130 ‚
290 1055 381 1116 stimo
395 1054 465 1133 quia
480 1054 505 1116 is
519 1055 568 1114 cui
583 1058 650 1132 plus
667 1054 802 1115 donauit.
853 1058 894 1113 At
908 1054 958 1114 ille
972 1054 1047 1114 dixit

247 1164 280 1210 44
291 1136 328 1197 ei:
339 1140 435 1197 Recte
444 1138 590 1196 iudicasti.
613 1139 654 1197 Et
662 1155 824 1196 conuersus
832 1138 872 1195 ad
881 1135 1045 1208 mulierem,

290 1216 364 1277 dixit
378 1217 511 1278 Simoni:
531 1216 629 1278 Uides
639 1219 718 1277 hanc
732 1219 911 1289 mulierem?
933 1217 1047 1275 Intraui

289 1298 322 1358 in
336 1300 460 1360 domum
475 1309 566 1369 tuam,
579 1318 688 1374 aquam
700 1297 828 1376 pedibus
840 1296 914 1357 meis
924 1318 987 1357 non
998 1301 1047 1358 de-

290 1378 359 1439 disti
371 1403 377 1439 ε
392 1381 467 1440 haec
480 1392 582 1439 autem
593 1378 721 1438 lacrimis
732 1379 837 1456 rigauit
848 1380 941 1455 pedes
952 1399 1046 1450 meos

246 1485 278 1534 45
291 1472 320 1520 et
335 1459 449 1537 capillis
463 1461 523 1520 suis
538 1459 629 1520 tersit.
673 1461 818 1521 Osculum
834 1459 907 1518 mihi
921 1480 984 1520 non
998 1462 1048 1520 de-

289 1540 377 1601 disti:
402 1543 477 1602 haec
490 1554 592 1601 autem
606 1561 643 1600 ex
658 1561 720 1618 quo
732 1540 861 1612 intrauit,
877 1560 939 1601 non
953 1561 1049 1602 cessa-

247 1633 279 1695 46
292 1621 334 1680 uit
349 1623 475 1681 osculari
494 1624 587 1699 pedes
606 1642 698 1681 meos.
743 1623 822 1683 Oleo
838 1633 928 1698 caput
945 1641 1047 1681 meum

290 1722 352 1762 non
367 1704 493 1762 unxisti:
518 1705 592 1763 haec
602 1714 704 1763 autem
714 1713 847 1778 ungento
862 1702 945 1762 unxit
955 1704 1047 1778 pedes

247 1803 278 1856 47
291 1803 382 1843 meos.
426 1787 551 1860 Propter
563 1785 648 1859 quod
663 1783 733 1844 dico
748 1782 820 1842 tibi:
844 1785 1048 1842 Remittentur

289 1863 317 1923 ei
342 1877 465 1941 peccata
489 1866 592 1935 multa,
616 1865 759 1941 quoniam
782 1863 884 1924 dilexit
908 1865 1045 1923 multum.

291 1947 348 2007 Cui
371 1957 473 2006 autem
498 1947 597 2005 minus
624 1944 789 2016 dimittitur,
815 1944 915 2004 minus
940 1945 1044 2021 diligit.

172 2046 192 2089 5.
202 2064 232 2089 ω,
248 2039 279 2099 48
293 2025 374 2086 Dixit
393 2038 494 2086 autem
511 2028 551 2086 ad
570 2026 668 2086 illam:
693 2028 899 2085 Remittuntur
913 2025 966 2085 tibi
981 2046 1048 2104 pec-

247 2133 279 2182 49
290 2119 364 2167 cata.
409 2111 449 2167 Et
466 2118 631 2184 coeperunt
648 2106 699 2184 qui
714 2107 804 2166 simul
817 2107 1046 2177 accumbebant,

290 2188 390 2248 dicere
405 2190 481 2247 intra
500 2207 550 2247 se:
576 2187 653 2263 Quis
670 2199 715 2247 est
732 2190 789 2261 hic,
805 2188 856 2264 qui
874 2187 964 2247 etiam
981 2207 1049 2265 pec-

92 2290 110 2330 s.
121 2292 151 2341 ⁴8.
161 2289 192 2332 rt.
204 2305 232 2342 19,
249 2292 281 2341 50
291 2280 357 2328 cata
379 2267 525 2329 dimittit?
578 2268 661 2328 Dixit
685 2280 786 2329 autem
814 2270 854 2328 ad
876 2268 1047 2342 mulierem:

120 2341 191 2432 Mel}
201 2355 232 2442 32·
291 2349 380 2408 Fides
396 2360 447 2409 tua
461 2360 491 2410 te
506 2352 620 2409 saluam
634 2351 703 2409 fecit
716 2373 722 2410 :
737 2352 815 2411 uade
830 2349 861 2409 in
875 2370 957 2427 pace.

121 2453 162 2494 Mt.
172 2454 191 2494 9.
202 2466 232 2504 3⁵·
259 2426 286 2488 8
335 2432 374 2489 Et
388 2431 556 2490 factumest
573 2429 723 2509 deinceps,
737 2442 767 2491 et
782 2433 845 2509 ipse
855 2430 910 2490 iter
920 2429 1048 2490 faciebat
1062 2415 1087 2514 Ξ

139 2503 232 2544 M⁰·⁶·⁶·
291 2531 343 2587 per
368 2511 522 2571 ciuitatem
560 2524 589 2572 et
620 2514 786 2585 castellum,
816 2510 990 2588 praedicans
1018 2522 1047 2570 et

118 2662 143 2702 m
291 2591 641 2731 elpangelizanslregnum
658 2592 734 2653 Dei:
756 2604 786 2654 et
801 2591 962 2652 duodecim
977 2611 1046 2651 cum

145 2676 232 2732 ·.⁴⁹‘⁵⁵·
269 2672 299 2731 zi
323 2693 352 2733 0.
396 2677 435 2733 Et
451 2694 501 2732 mu
515 2675 589 2733 ieres
603 2673 642 2733 ali
664 2694 721 2733 uae
756 2694 812 2733 uae
831 2688 913 2733 erant
928 2684 1047 2732 curatae

81 2714 231 2852 McM-ll·i}'3ii{
289 2754 328 2815 ab
339 2753 491 2831 spiritibus
501 2694 679 2832 malignisit
688 2694 926 2814 intiimitatibus:
950 2752 1048 2812 Maria

135 2872 161 2904 ct
173 2863 190 2904 1.
199 2829 232 2912 '122
289 2855 367 2912 quae
376 2846 500 2896 uocatur
510 2837 741 2912 Magdalene‚de
750 2855 809 2912 qua
818 2833 976 2894 daemonia
984 2854 1048 2911 sep

116 2864 134 2904 Α

112 2955 133 2986 ³⁹
143 2971 214 3014 quae
226 2963 255 3005 et
266 2960 358 3015 qualis
370 2961 438 3006 mul.
449 2957 480 3018 D,
492 2955 575 3018 qualis
584 2956 692 3005 mul.C:
707 2973 731 3018 q.
743 2964 769 3005 et
777 2973 802 3018 q.
814 2963 854 3004 est
863 2955 921 3004 mul.
932 2954 1029 3011 VZSOE
1041 2973 1047 3017 ;

78 3036 103 3081 q.
118 3029 144 3069 et
156 3038 180 3082 q.
193 3023 252 3070 mul.
265 3029 304 3069 est
317 3023 343 3070 H
354 3038 361 3080 ;
379 3039 402 3083 q.
412 3030 438 3070 et
449 3039 473 3084 q.
485 3023 544 3070 mul.
553 3020 624 3070 esset
634 3021 732 3070 AFGM
806 3021 827 3054 ⁴¹
844 3025 1015 3078 quingentos
1024 3035 1042 3071 ÷

79 3085 170 3143 etz&
253 3085 274 3117 44
291 3088 374 3148 diligit
388 3086 440 3142 ΞΘ
523 3086 544 3118 44
561 3085 695 3143 omitt}
779 3086 800 3118 ⁴⁷
817 3087 984 3135 remittuntur
995 3085 1048 3141 Μ

77 3150 99 3182 ⁴³
116 3151 345 3210 peccata÷tuas
423 3154 446 3201 8.
468 3153 475 3184 ¹
494 3153 613 3202 ciuitates
626 3159 652 3200 et
662 3153 767 3200 castella
780 3151 832 3208 Μ,
869 3151 950 3201 ὀδε
967 3149 1048 3207 25OE

541 3232 588 3294 156
