2250 3630
87 166 116 240 e,
130 166 264 244 49-7·⁵
437 164 681 243 SECUNDUM
702 162 897 225 unacum

254 349 288 399 49
296 321 455 400 praeterire
465 342 528 385 eos.
561 324 603 383 At
617 320 660 382 illi
670 331 704 381 ut
714 319 855 382 uiderunt
865 340 935 381 eum
946 320 1052 382 ambu-

296 406 410 464 lantem
433 424 521 481 super
545 423 635 477 mare,
660 413 841 479 putauerunt
869 404 1050 479 phantasma

256 511 288 560 50
297 504 370 558 esse,
392 496 422 544 et
443 486 691 544 exclamauerunt
737 484 854 545 Omnes
875 483 958 543 enim
979 504 1049 545 eum

297 565 444 641 uiderunt,
452 577 481 625 et
491 563 658 625 conturbati
667 574 745 624 sunt
773 567 812 624 Et
821 564 921 624 statim
930 566 1050 625 locutus

297 658 343 707 est
356 645 488 720 cumeis,
501 657 531 706 et
545 645 619 705 dixit
632 645 708 706 illis:
729 647 891 718 Confidite‚
904 666 962 723 ego
972 666 1048 720 sum,
1064 711 1091 749 68

179 753 199 793 4.
209 767 240 803 39.
259 753 286 802 5¹
298 727 392 787 nolite
406 726 518 787 timere.
549 728 588 787 Et
600 725 736 786 ascendit
748 728 789 787 ad
802 725 869 786 illos
883 726 916 786 in
930 747 1049 801 nauem,
1065 764 1089 816 ἶ

128 803 241 895 lig-{2⁶2
298 819 328 868 et
349 810 476 869 cessauit
496 818 613 868 uentus.
656 811 695 867 Et
715 809 783 884 plus
804 807 898 886 magis
920 810 997 868 intra
1017 829 1050 870 se

167 884 172 894 ’
194 884 200 894 ”
260 914 289 963 52
300 889 472 967 stupebant:
488 910 550 950 non
559 888 640 948 enim
648 887 853 949 intellexerant
861 890 1048 967 depanibus:

301 982 363 1031 erat
377 970 458 1030 enim
472 991 525 1031 cor
538 969 656 1029 iliorum
670 970 874 1029 obcaecatum.

134 1069 198 1112 tate
261 1075 291 1123 53
341 1053 464 1111 Etcum
479 1052 723 1123 transfretassent,
736 1063 936 1126 peruenerunt
950 1050 982 1110 in
997 1030 1093 1111 ter-⁶3

90 1121 242 1222 ῗζζᾚξζξξ·
260 1151 364 1205 54ram
378 1133 593 1205 Gennesareth,
609 1141 639 1190 et
651 1132 867 1206 adplicuerunt
911 1134 1051 1209 Cumque
1072 1115 1085 1140 ²

223 868 234 903 4

300 1212 409 1290 egressi
423 1224 522 1273 essent
536 1214 575 1272 de
589 1209 667 1283 naui,
684 1211 828 1271 continuo
846 1223 1052 1290 cognouerunt

162 1365 164 1369 ¹
262 1318 293 1367 55
304 1314 394 1356 eum:
424 1305 455 1353 et
478 1303 682 1371 percurrentes
705 1291 873 1351 uniuersam
898 1292 1051 1369 regionem

300 1376 390 1446 illam,
406 1384 569 1451 coeperunt
587 1371 618 1432 in
637 1372 779 1450 grabattis
793 1392 846 1433 eos
860 1373 911 1450 qui
926 1393 959 1432 se
969 1375 1053 1434 male

301 1454 453 1515 habebant
463 1452 716 1528 circumsenaubi
725 1452 888 1513 audiebant
897 1473 967 1512 eum
976 1472 1052 1515 esse.
1112 1520 1116 1527 .

62 1604 66 1612 g
124 1555 172 1596 net.
180 1553 200 1610 5,
211 1569 239 1605 15.
261 1546 292 1608 56
303 1538 342 1596 Et
352 1555 544 1612 quocumque
555 1533 704 1605 introibat,
716 1536 747 1593 in
758 1533 842 1594 uicos
854 1536 902 1594 uel
914 1534 945 1593 in
955 1534 1050 1608 uillas,
1099 1532 1110 1547 ‘

71 1621 73 1625 '
298 1628 351 1676 aut
368 1616 400 1676 in
416 1615 558 1691 ciuitates,
574 1615 606 1674 in
620 1615 725 1692 plateis
739 1616 894 1692 ponebant
907 1613 1051 1688 infirmos,

302 1708 332 1756 et
347 1698 582 1774 deprecabantur
596 1716 675 1769 eum,
691 1708 724 1756 ut
739 1698 787 1755 uel
802 1696 950 1755 fimbriam
965 1695 1054 1755 uesti-

301 1778 396 1837 menti
410 1777 473 1838 eius
487 1788 658 1855 tangerent:
679 1789 710 1838 et
724 1788 873 1854 quotquot
889 1777 1054 1854 tangebant

302 1878 380 1933 eum,
397 1858 471 1918 salui
485 1859 605 1918 fiebant.

140 1961 191 2002 1430
264 1935 289 1999 '7
340 1941 380 1999 Et
393 1939 577 1999 conueniunt
586 1940 626 1999 ad
637 1959 707 1999 eum
719 1937 870 1998 Pharisaei
884 1949 914 1998 et
928 1930 1094 2028 quidamff

99 2011 244 2115 M¹fl⁵·¹'²⁸·
277 2023 342 2081 2de
365 2020 477 2092 scribis,
500 2022 654 2081 uenientes
677 2021 719 2080 ab
742 2019 969 2096 Hierosolymis.
1014 2022 1055 2079 Et

92 2076 129 2117 ιο·
162 2089 243 2127 '³⁷'⁴¹'
301 2121 371 2160 cum
383 2101 527 2162 uidissent
535 2104 683 2178 quosdam
692 2121 728 2161 ex
739 2100 892 2178 discipulis
900 2099 964 2160 eius
973 2120 1055 2160 corn·

301 2182 441 2242 munibus
453 2181 599 2256 manibus,
613 2184 644 2243 id
655 2193 700 2242 est
711 2202 773 2242 non
784 2180 861 2253 lotis,
872 2184 1056 2242 manducare

274 2282 404 2338 gpanes
429 2262 678 2340 uituperauerunt.
735 2261 886 2322 Pharisaei
913 2262 996 2322 enim
1024 2274 1056 2322 et

301 2362 407 2404 omnes
422 2345 534 2417 Iudaei,
550 2344 607 2404 nisi
621 2345 727 2404 crebro
744 2346 845 2403 lauent
860 2362 975 2418 manus,
990 2363 1054 2404 non

301 2428 492 2498 manducant,
515 2434 650 2486 tenentes
671 2422 862 2485 traditionem
885 2422 1055 2485 seniorum:

276 2532 294 2579 4
307 2506 310 2539 ¹
322 2517 351 2565 et
366 2526 384 2565 a
398 2508 462 2566 soro
472 2505 528 2566 nisi
539 2506 733 2584 baptizentur,
746 2525 809 2564 non
819 2506 1003 2565 comedunt:
1024 2515 1056 2564 et

300 2586 358 2647 alia
373 2589 466 2645 multa
476 2597 545 2647 sunt
559 2607 636 2665 quae
650 2586 758 2647 tradita
772 2596 841 2645 sunt
855 2584 912 2644 illis
926 2604 1054 2657 seruare,

302 2667 480 2746 baptismata
494 2668 621 2728 calicum
635 2679 665 2728 et
680 2686 845 2738 urceorum,
861 2676 892 2726 et
905 2685 1057 2727 aeramen-

274 2773 289 2822 5
301 2761 399 2808 torum
411 2760 441 2809 et
451 2751 605 2809 lectorum.
638 2751 677 2808 Et
686 2749 867 2824 interrogant
877 2766 946 2806 eum
956 2745 1058 2806 Phari-

224 2873 226 2876 ·
301 2829 362 2889 saei
382 2842 411 2890 et
430 2830 561 2892 scribae:
583 2832 685 2906 Quare
699 2827 838 2905 discipuli
852 2827 895 2887 tui
914 2847 977 2887 non
996 2848 1059 2887 am-

127 2949 149 2982 ⁸⁰
168 2958 195 3007 >
208 2951 330 3002 viderunt
341 2968 399 3001 eum
413 2950 466 3007 Μ
539 2955 617 3002 illis:
634 2951 672 3000 eis
685 2949 738 3006 Μ
835 2949 858 2981 ⁵²
873 2950 1059 3000 intellexerunt

95 3015 148 3072 Μ
194 3033 283 3067 eorum
295 3016 348 3073 §OE
414 3017 436 3050 ⁶³
452 3014 646 3074 veneruntztffi
697 3016 860 3064 Genesareth
872 3014 925 3072 Μ
975 3017 1059 3080 appli-

95 3089 202 3130 cuerunt
214 3081 267 3138 Μ
359 3083 381 3116 ⁶⁶
397 3090 443 3140 aut
454 3084 503 3131 eiu.
519 3082 583 3146 (sine
593 3083 636 3147 in)
648 3081 702 3141 SQE
812 3082 835 3130 t.
854 3081 865 3112 ³
881 3082 994 3132 lauerint
1005 3080 1063 3138 Μ,

95 3143 106 3172 ⁴
122 3147 192 3196 tsoro
205 3165 255 3197 uno
267 3149 340 3200 uerbo
351 3149 397 3210 αῖς
422 3149 581 3202 ÷venieutes
594 3147 620 3207 5
685 3146 697 3180 ⁶
713 3147 905 3210 interrogabant
917 3146 970 3206 5OE

560 3228 592 3292 9⁸

1070 2734 1093 2788 ⁷3

1076 2795 1090 2834 s
