2250 3630
213 171 457 232 PRAEFATIO
480 172 540 230 AD
564 169 799 232 LECTOREM

79 326 145 387 siue
154 324 425 404 interpunctionem
437 326 580 387 exhibent
590 346 652 385 non
663 329 792 386 multum
802 347 821 385 a
831 339 934 387 nostra

78 425 215 495 alienam,
226 423 290 483 siue
301 424 332 482 in
344 443 400 482 usu
411 423 584 499 capitalium
595 423 758 484 litterarum
768 427 935 501 aliquantu-

79 521 141 580 lum
156 521 279 592 uariant,
296 531 400 580 notatu
414 519 506 597 digna
520 540 582 581 non
597 522 766 580 habuimus.
872 589 873 594 η

119 617 249 679 Codices
260 618 477 696 manuscriptos
486 630 591 677 contra
599 638 764 696 numquam
773 618 933 678 citauimus

78 712 135 773 nisi
147 714 198 774 ubi
211 712 414 774 testimonium
431 735 535 775 eorum
551 716 650 792 magni
667 720 811 776 momenti
826 736 892 776 esse
904 731 933 776 et

77 811 192 890 aliquid
200 813 241 873 ad
252 824 364 872 textum
379 814 573 891 archetypum
585 815 804 874 enucleandum
819 815 933 874 adferre

78 909 205 970 uidetur.
242 909 279 969 In
293 909 413 981 notulis,
428 910 588 971 lectionem
603 911 723 971 anobis
737 912 933 988 adprobatam

78 1020 107 1066 et
127 1005 158 1066 in
176 1017 290 1066 textum
311 1019 461 1083 receptam
480 1027 598 1085 semper
618 1007 721 1067 litteris
740 1007 933 1067 crassioribus

78 1103 298 1181 impressimus;
322 1101 466 1163 lectiones
486 1124 563 1181 quae
585 1124 603 1163 a
622 1116 704 1165 textu
724 1115 826 1163 nostro
847 1104 932 1164 diffe-

77 1213 146 1260 runt
163 1199 266 1261 litteris
286 1201 426 1274 romanis,
443 1221 518 1278 quas
535 1201 648 1274 dicunt,
669 1203 830 1278 impressae
851 1216 930 1263 sunt

79 1297 173 1359 Hisce
188 1298 268 1377 siglis
283 1309 312 1359 et
326 1298 515 1376 compendiis
530 1298 575 1358 usi
591 1318 694 1359 sumus
707 1323 755 1358 :-

206 1459 233 1513 ÷
405 1445 542 1519 :addit
557 1447 674 1507 addunt

199 1564 254 1603 om.
357 1562 361 1567 ’
406 1569 437 1596 =
450 1542 569 1616 omittit,
585 1547 728 1606 omittunt

208 1657 236 1705 >
295 1707 299 1716 ,
405 1666 436 1693 =
450 1642 625 1720 transponit,
642 1654 840 1720 transponunt

199 1739 252 1797 inc.
404 1763 436 1791 =
449 1737 561 1815 incipit,
578 1738 724 1816 incipiunt

198 1837 264 1896 init.
404 1862 435 1891 =
448 1836 566 1897 initium

198 1929 290 2002 [κείν.
405 1960 436 1988 =
451 1933 610 2011 Inscriptio

199 2033 311 2092 Subscr.
405 2056 435 2084 =
449 2031 635 2110 Subscriptio

127 2132 140 2182 ss
199 2129 315 2204 dt'sting.
403 2154 435 2182 =
448 2128 612 2208 distinguit,
625 2131 811 2210 distinguunt
850 2140 852 2144 ‘
888 2153 896 2172 ²

198 2246 256 2299 sec,
267 2234 342 2300 tert,
352 2233 437 2286 eta:
450 2230 626 2302 secundum,
639 2229 766 2302 tertium,
783 2242 837 2290 etc.
923 2245 927 2253 '

197 2324 237 2382 al.
404 2349 434 2377 =
448 2323 498 2383 alii
824 2340 826 2342 ’

198 2419 252 2494 A*,
265 2423 315 2492 Αθ,
331 2431 386 2481 etc.
404 2446 435 2474 =
450 2425 478 2482 A
490 2423 499 2482 i
503 2443 609 2483 manus
624 2422 739 2500 prima),
758 2426 784 2481 A
806 2422 930 2502 (correct

492 2531 557 2594 tor),
574 2531 628 2580 etc.

80 2691 83 2700 ,
118 2642 226 2705 Cetera
240 2640 419 2718 compendia
434 2655 463 2701 et
479 2641 551 2719 sigla
565 2661 664 2719 perse
679 2643 757 2700 clara
771 2653 866 2730 erunt.
890 2643 894 2669 ²

79 2833 83 2842 -
118 2790 287 2852 Uerborum
306 2790 495 2866 quorundam
516 2787 750 2865 orthographiae,
766 2790 796 2847 in
819 2787 927 2864 quibus

77 2888 241 2965 scribendis
261 2885 408 2950 editiones
429 2897 530 2946 nostra
550 2896 580 2946 et
600 2883 790 2948 Clementina
811 2890 928 2963 semper

76 2996 128 3045 aut
142 3005 238 3062 paene
253 3003 370 3062 semper
383 2982 506 3058 uariant,
523 2984 635 3043 nullam
651 2983 681 3042 in
696 2981 806 3071 notulis
820 2984 928 3046 nostris

77 3083 260 3145 mentionem
284 3082 415 3144 fecimus.
461 3085 597 3160 Exempli
617 3101 706 3145 causa
726 3094 927 3159 proponantur

494 3201 512 3239 x
