2250 3630
73 160 123 219 21.
141 184 226 234 21-29
414 158 553 218 ACTUS
575 156 899 218 APOSTOLORUM

168 326 226 368 15.1.
285 314 326 375 illi
341 334 411 374 cum
419 313 581 386 audissent,
595 313 826 390 magnificabant
837 315 947 384 Deum,
964 313 1045 373 dixe-

108 376 156 420 444·
167 377 185 419 4·
196 391 226 426 44
285 407 413 473 runtque
427 395 473 455 ei:
496 395 600 465 Uidcs,
622 397 718 468 irater,
734 406 809 471 quot
828 393 908 453 milia
927 395 1045 468 suntin

288 476 408 537 Iudaeis
432 475 484 553 qui
506 475 714 536 crediderunt:
736 488 766 534 et
787 495 894 534 omnes
914 479 1046 535 aemula-

173 598 179 615 .
244 583 270 616 21
285 571 363 619 tores
379 570 448 617 sunt
463 557 543 634 legis
577 558 747 616 Audierunt
758 569 858 616 autem
874 558 913 616 de
929 566 958 616 te
972 557 1045 634 quia

284 641 499 701 discessionem
519 639 630 698 doceas
648 657 666 697 a
686 641 783 708 Mose,
799 657 903 696 eorum
924 638 976 714 qui
991 659 1046 715 per

283 731 387 796 gentes
408 733 478 778 sunt
500 720 702 779 Iudaeorum:
725 718 829 778 dicens
848 738 911 777 non
931 719 1046 779 debere

283 820 335 860 eos
349 801 562 860 circumcidere
578 799 654 859 lilios
670 819 748 869 suos,
760 818 860 876 neque
874 801 1045 892 secundum

245 905 273 937 22
262 881 536 941 consuetudinem
551 875 675 971 ingredi.
719 879 803 955 Quid
813 899 884 956 ergo
895 884 1023 940 est?
989 881 1034 940 uti
1036 918 1046 926 -

283 981 343 1037 que
370 974 490 1039 oportet
517 961 680 1021 conuenire
714 960 958 1021 multitudinem:
993 982 1045 1021 au-

243 1043 367 1114 23dient
389 1043 469 1102 enim
491 1057 521 1103 te
542 1044 759 1120 superuenisse.
805 1045 877 1101 Hoc
902 1062 973 1119 ergo
996 1045 1044 1102 lac

282 1126 365 1200 quod
380 1124 434 1184 tibi
448 1124 584 1184 dicimus.
628 1125 704 1183 Sunt
719 1121 850 1182 nobis'
821 1122 877 1181 uiri
892 1135 1042 1199 quattuor,

154 1217 224 1260 1818
246 1217 392 1278 24u0tum
421 1207 566 1265 habentes
595 1224 685 1281 super
712 1223 753 1263 se
797 1202 856 1262 His
884 1204 1043 1277 adsumtis

152 1269 184 1310 44
196 1271 224 1310 ¹⁸·
283 1287 437 1345 sanctifica
451 1299 480 1345 te
495 1306 564 1345 cum
582 1285 656 1344 illis:
679 1299 709 1345 et
728 1283 888 1360 inpendo
880 1304 912 1343 rn
931 1284 989 1344 illis
1010 1299 1043 1344 ut

285 1368 390 1426 radant
405 1367 522 1443 capita:
544 1378 574 1426 et
588 1365 684 1426 scient
698 1384 804 1426 omnes
818 1364 889 1441 quia
903 1385 983 1442 quae
1003 1369 1043 1426 de

284 1459 314 1508 te
328 1449 487 1507 audierunt
506 1450 578 1506 salsa
600 1461 678 1519 sunt,
695 1448 749 1506 sed
770 1446 907 1505 ambulas
927 1461 957 1506 et
977 1447 1043 1523 ipse

75 1544 225 1597 15‚19‚20‚29.
244 1553 273 1602 25
286 1528 458 1588 custodiens
476 1530 580 1605 legem.
626 1530 674 1587 De
694 1527 740 1586 his
757 1539 859 1586 autem
881 1526 932 1604 qui
949 1528 1042 1587 credi·

284 1610 392 1669 derunt
406 1629 442 1668 ex
456 1609 603 1685 gentibus
620 1629 675 1668 nos
690 1608 861 1686 scripsimus
873 1607 1043 1669 iudicantes

245 1712 247 1715 ·
284 1701 317 1749 ut
338 1689 508 1750 abstineant
529 1710 561 1750 se
575 1690 614 1749 ab
636 1689 724 1749 idolis
745 1689 902 1749 immolato
923 1701 954 1748 et
976 1709 1042 1748 san-

89 1795 155 1836 Num
163 1795 182 1836 o
190 1810 227 1835 ιφ
245 1782 275 1832 26
286 1771 383 1847 guine,
396 1786 426 1830 et
438 1773 583 1830 suffocato
593 1784 624 1830 et
634 1770 839 1831 fornicatione.
865 1774 954 1831 Tunc
964 1774 1042 1830 Pau-

88 1895 157 1938 9999
165 1896 218 1936 999
196 1860 225 1896 ¹·³
284 1855 338 1923 lus,
349 1851 534 1912 adsumtis'
506 1851 575 1911 uiris
578 1864 715 1927 ,postera
729 1852 778 1912 die
788 1853 961 1944 purificatus
970 1872 1042 1911 cum

283 1932 363 1992 illis
355 1933 475 1993 intrauit
490 1933 521 1992 in
536 1935 689 2009 templum,
705 1931 887 1993 adnuntians
901 1933 1044 2010 expletio

283 2034 352 2074 nem
376 2016 492 2074 dierum
517 2014 739 2090 purificationis,
763 2016 862 2074 donec
887 2016 1043 2075 offerretur

283 2116 338 2172 pro
353 2114 537 2172 unoquoque
552 2114 656 2154 eorum
671 2096 793 2156 oblatio

243 2198 272 2249 ²7
327 2179 409 2235 Dum
424 2188 525 2235 autem
540 2189 655 2253 septem
670 2177 734 2236 dies
750 2189 1040 2248 consummarentur,

284 2256 314 2315 hi
334 2257 387 2334 qui
408 2258 447 2316 ab
469 2258 541 2316 Asia
562 2271 646 2316 erant
668 2259 783 2331 Iudaei,
806 2278 876 2317 cunr
894 2256 1043 2318 uidissent

284 2357 353 2398 eum
369 2338 400 2396 in
422 2341 543 2415 templo,
559 2338 787 2429 concitauerunt
805 2358 928 2399 omnem
948 2359 1043 2416 popu-

46 2472 49 2478 .
86 2444 144 2491 am
154 2442 185 2483 13
195 2457 226 2491 4⁵.
244 2431 273 2479 28
284 2420 357 2491 lum
366 2430 395 2478 et
407 2421 571 2480 iniecerunt
587 2419 614 2480 ei
630 2441 744 2493 manus
753 2422 953 2481 'zelanmntes
975 2419 1043 2482 Uiri

125 2493 155 2584 {ss
165 2509 224 2593 3313
179 2508 225 2543 ¹⁹
285 2466 465 2572 Isralrelitae,
485 2502 646 2561 adiuuate:
677 2503 726 2562 hic
743 2513 788 2561 est
807 2502 902 2561 homo
917 2500 970 2578 qui
992 2504 1043 2561 ad·

152 2574 184 2634 1⁸3
194 2559 224 2644 ιζ
284 2601 387 2641 uersus
402 2584 556 2658 populum,
569 2594 600 2642 et
615 2584 719 2673 legem,
734 2597 763 2643 et
772 2585 873 2641 locum
885 2582 969 2641 hunc
980 2602 1043 2642 om-

283 2682 336 2721 nes
361 2662 474 2738 ubique
500 2663 653 2732 docens,'
645 2684 766 2740 insuper
793 2676 823 2723 et
849 2661 1010 2740 gentiles
1002 2682 1043 2720 rn-

282 2743 389 2804 duxit
382 2763 412 2802 m
428 2745 583 2821 templum,
600 2756 629 2804 et
643 2744 767 2803 uiolauit
782 2757 920 2803 sanctum
939 2745 1042 2804 locum

101 2854 105 2864 ι
163 2864 222 2912 999
242 2848 271 2898 ²9
284 2836 380 2883 istum
413 2824 653 2915 Uiderantenim
665 2823 862 2915 Trophinrum
874 2826 1041 2903 Ephesium

75 2927 86 2952 2
97 2913 180 2955 linit·
203 2932 233 2959 0..
283 2904 313 2963 in
323 2906 444 2966 ciuitate
455 2927 525 2965 curn
535 2905 610 2982 ipso,
622 2925 712 2982 quem
723 2904 959 2966 aestimauerunt
970 2925 1042 2982 quo

107 3062 127 3093 ²⁴
146 3065 331 3126 impendeSQL'
410 3068 431 3099 ²⁶
448 3067 549 3131 distring.
564 3067 647 3122 idolis,
662 3067 790 3114 immolato
803 3065 863 3128 Μ
877 3073 905 3114 ut
909 3063 984 3130 fiant
993 3067 1042 3116 duo

74 3129 198 3177 nrandata
265 3131 309 3164 77
303 3139 355 3181 ab:
372 3135 404 3180 de
418 3132 470 3188 Sl&
536 3132 559 3165 ²⁹
575 3131 798 3194 Tlrrophirnumss

535 3225 580 3274 34²
