2250 3630
230 157 369 220 ncrus
392 146 713 222 Arosroronun
904 164 951 222 22.
971 186 1051 236 13·25

85 316 291 380 testimonium
301 317 416 378 habens
430 319 470 378 ab
481 317 623 378 omnibus
638 317 843 379 habitantibus

86 400 227 473 Iudaeis,¹
239 399 363 459 ueniens
374 401 413 458 ad
426 420 482 472 me,
493 411 523 460 et
533 402 656 460 adstans
666 399 739 460 dixit
749 398 839 461 mihi:
853 425 883 474 13

84 484 174 543 Saule
188 483 282 552 frater,
299 479 421 558 respice.
464 483 503 540 Et
521 501 577 558 ego
592 483 698 542 eadem
713 483 786 541 hora
800 502 843 541 re-

84 563 168 641 spexi
189 561 220 620 in
244 582 321 621 eum.
365 563 406 620 At
428 561 477 621 ille
498 561 589 622 dixit:
613 565 697 623 Deus
720 574 838 640 patrum
852 588 883 637 14

84 656 253 704 nostrorum
262 641 483 719 praeordinauit
492 654 529 715 te,
542 654 575 702 ut
587 663 783 720 cognosceres
791 664 843 703 uo-

84 728 231 784 luntatem
253 722 325 796 eius,
346 735 376 783 et
397 723 515 784 uideres
537 722 659 797 iustum,
676 736 706 785 et
721 727 842 785 audires

84 825 192 865 uocem
208 824 243 863 ex
262 823 313 864 ore
334 803 415 864 eins:
437 803 508 881 quia
525 803 582 863 eris
604 804 687 865 testis
708 805 785 866 illius
802 807 841 866 ad
855 831 881 878 ¹5

83 905 190 945 omnes
201 885 339 944 homines
354 904 456 944 eorum
471 904 549 960 quae
561 884 663 945 uidisti
679 899 708 947 et
722 886 840 948 audisti,

85 967 136 1025 'Et
148 985 230 1024 nunc
239 965 311 1043 quid
323 968 466 1026 moraris?
488 967 629 1043 Exsurge,
642 966 799 1044 baptizare,
810 980 840 1027 et
854 979 882 1027 16
899 985 918 1026 2.
929 991 960 1037 38·

83 1047 173 1106 ablue
201 1058 324 1123 peccata
347 1057 398 1104 tua
423 1047 564 1106 inuocato
590 1046 715 1106 nomine
739 1048 840 1125 ipsius.

84 1131 210 1187 Factum
225 1137 270 1186 est
284 1137 384 1185 autern
405 1126 564 1186 reuertenti
584 1126 658 1185 mihi
676 1127 708 1186 in
728 1127 882 1201 Hieru-17
900 1152 1050 1203 mannen,

82 1210 186 1280 salem,
202 1217 231 1266 et
246 1207 340 1266 oranti
353 1209 383 1265 in
398 1210 519 1284 templo,
532 1207 596 1266 fieri
611 1228 661 1266 me
675 1207 707 1267 in
721 1213 843 1285 stupore
898 1201 972 1294 {⁶53-
983 1256 1005 1294 a
1020 1269 1027 1293 ι

82 1285 262 1360 mentis,¹et
278 1286 380 1347 uidere
398 1289 482 1347 illum
504 1287 656 1348 dicentem
675 1286 767 1348 mihi:
788 1290 842 1347 Fe·
853 1300 882 1346 18
899 1318 918 1359 9,
928 1333 959 1370 ,9
1007 1269 1049 1304 '⁹'

82 1369 169 1441 stina,
194 1378 224 1428 et
242 1369 288 1428 exi
311 1370 454 1428 uelociter
478 1389 514 1429 ex
538 1369 750 1429 Hierusalem:
772 1389 845 1447 quo

82 1449 164 1509 niam
180 1469 243 1508 non
256 1449 400 1529 recipient
414 1449 620 1510 testimonium
632 1460 717 1509 tuum
729 1452 768 1510 de
783 1470 841 1510 me.

82 1534 122 1590 Et
143 1550 200 1608 ego
219 1529 296 1592 dixi:
328 1530 469 1605 Domine,
489 1530 545 1609 ipsi
569 1531 667 1591 sciunt
688 1530 760 1608 quia
780 1551 837 1609 ego
854 1557 882 1606 19

80 1631 164 1672 eram
179 1613 364 1672 concludens
375 1612 406 1671 in
421 1631 579 1684 carcerem,
596 1623 626 1673 et
644 1614 775 1672 caedens
789 1633 842 1690 per

81 1712 259 1770 synagogas,
272 1713 324 1754 eos
342 1693 395 1771 qui
416 1692 579 1753 credebant
600 1693 632 1752 in
652 1705 702 1754 te:
724 1705 753 1753 et
771 1714 841 1752 cum
852 1719 883 1752 20
900 1709 918 1750 r.
929 1709 986 1760 saa.
999 1724 1015 1749 1.

81 1775 257 1834 funderetur
270 1777 390 1852 sanguis
401 1773 546 1852 Stephani
559 1776 641 1834 testis
656 1774 712 1848 tui,
721 1795 777 1852 ego
791 1776 841 1835 ad-

81 1855 200 1914 stabam
220 1867 250 1915 et
271 1855 505 1927 consentiebam,
523 1866 552 1914 et
572 1855 781 1916 custodiebam
796 1876 842 1914 ue·

80 1935 224 1995 stimenta
248 1935 489 1996 interficientium
511 1936 603 1994 illum.
648 1938 688 1995 Et
704 1935 778 1996 dixit
803 1938 841 1995 ad
855 1957 881 1994 21
900 1957 918 1998 o.
930 1973 959 2006 15.

81 2036 152 2076 me:
174 2017 272 2090 Uade,
296 2015 439 2094 quoniam
463 2035 520 2093 ego
541 2017 572 2074 in
593 2016 730 2077 nationes
753 2019 842 2093 longe

81 2096 200 2157 mittam
215 2107 253 2156 te.

123 2177 297 2238 Audiebant
314 2189 415 2239 autern
437 2199 507 2238 eum
528 2198 623 2256 usque
639 2179 679 2238 ad
699 2179 758 2239 hoc
778 2199 840 2238 uer·
853 2203 881 2237 η
899 2195 1044 2248 21.3⁶,2s24.

80 2261 172 2345 bum,
189 2270 219 2318 et
243 2262 419 2319 leuauerunt
440 2268 549 2319 uocem
571 2279 664 2331 suam,
686 2259 841 2320 dicentes:

79 2342 171 2400 Tolle
196 2341 235 2401 de
255 2351 333 2400 terra
353 2340 521 2401 eiusmodi:
544 2360 605 2400 non
627 2339 708 2400 enim
729 2343 773 2401 sas
796 2353 841 2400 est

79 2441 153 2481 eum
176 2424 287 2482 uiuere.
330 2422 576 2484 Uociferantibus
606 2433 705 2482 autem
731 2421 782 2494 eis,
811 2434 881 2493 et23

80 2501 298 2579 proicientibus
326 2503 507 2564 uestimenta
537 2523 598 2574 sua,
629 2514 659 2564 et
687 2505 840 2581 puluerem

81 2583 263 2643 iactantibus
286 2585 317 2642 in
341 2605 450 2658 aerem,
473 2583 557 2644 iussit
585 2583 721 2643 tribunus
739 2583 840 2643 induci
850 2608 882 2656 24

80 2685 153 2724 eum
174 2664 206 2723 in
226 2677 330 2737 castra,
353 2677 383 2724 et
405 2665 527 2743 flagellis
551 2664 644 2737 caedi,
661 2677 691 2725 et
711 2663 840 2740 torqueri

79 2765 161 2819 eum,
178 2756 211 2804 ut
228 2744 316 2805 sciret
334 2752 455 2823 propter
477 2766 567 2823 quam
593 2766 714 2806 causam
732 2745 774 2804 sic
791 2745 841 2802 ad-

78 2829 245 2886 clamarent
268 2826 304 2885 ei,
349 2828 389 2885 Et
417 2847 487 2885 cum
515 2826 741 2886 adstrinxissent
769 2843 838 2884 eum
852 2848 880 2895 ²5

79 2905 161 2979 loriS,
174 2905 248 2966 dixit
262 2907 393 2967 adstanti
405 2907 461 2968 sibi
476 2906 642 2967 centurioni
659 2908 787 2966 Paulus:
810 2903 841 2962 Si

114 3066 138 3100 ¹²
154 3068 419 3125 cohabitantibuszdt
508 3068 529 3100 ¹⁶
545 3083 689 3126 exsurge÷
699 3076 724 3116 et
733 3066 785 3123 Sd:
869 3065 891 3096 ²²
906 3066 1049 3113 huiusmodi

78 3133 135 3193 Μ
201 3133 223 3167 ²⁵
239 3135 421 3184 astrinxissent
435 3134 487 3192 Ξᾰῖῑ
538 3134 599 3182 dicit
611 3132 664 3189 Μ

544 3226 591 3274 345
