2250 3630
275 185 518 248 SECUNDUM
541 188 734 249 MARCUM
957 189 1088 262 2.17-2s

122 344 232 402 dentes
247 341 316 418 quia
330 344 524 402 manducaret
539 363 607 402 cum
623 344 837 420 peccatoribus,
849 356 879 405 et

122 423 301 500 publicanis,
324 422 467 482 dicebant
488 422 641 500 discipulis
662 424 745 485 eius:
778 428 878 501 Quare

122 525 194 562 curn
209 505 384 580 publicanis,
402 517 432 563 et
450 504 657 580 peccatoribus
672 507 834 566 manducat
848 518 878 566 ct

80 585 108 638 ’.ἓ
122 585 201 643 bibit
212 584 351 661 magister
366 588 489 644 uester?
531 587 603 645 Hoc
617 585 720 645 audito
737 589 820 646 Iesus
834 589 875 646 ait
889 607 918 662 17

88 657 101 684 ²
121 664 198 723 illis:
221 667 293 724 Non
304 685 428 726 necesse
439 666 552 725 habent
567 666 632 725 sani
647 666 807 739 medicum,
823 670 877 727 sed

121 744 175 820 qui
190 747 267 805 male
282 746 415 805 habent:
438 766 500 806 non
515 745 596 806 enim
611 750 680 807 ueni
695 767 803 807 uocare
821 748 878 808 ius-

121 837 177 895 tos
193 827 249 892 sed
264 838 444 902 peccatores.

164 908 204 964 Et
218 919 302 965 erant
317 907 456 983 discipuli
469 908 622 981 Iohannis
635 921 665 968 et
677 908 827 969 Pharisaei
838 908 876 970 ie·
888 921 917 968 18
978 923 1043 966 12—22

120 986 260 1046 iunantes
272 1011 278 1047 :
297 1000 327 1048 et
338 989 463 1047 ueniunt
473 1002 503 1048 et
514 988 618 1048 dicunt
629 988 683 1048 illi:
707 991 807 1064 Quare
818 989 876 1050 dis·
934 975 999 1067 1¹⁹2?
998 1005 1003 1014 '
1009 990 1079 1078 ζζζζέζ

119 1067 212 1144 cipuli
228 1068 374 1128 Iohannis
389 1081 419 1130 et
434 1071 660 1129 Pharisaeorum
677 1069 818 1142 ieiunant,
831 1070 875 1130 tui

119 1161 221 1209 autem
235 1149 373 1226 discipuli
389 1170 450 1210 non
462 1150 617 1210 ieiunant?
651 1152 691 1210 Et
701 1149 743 1209 ait
757 1149 813 1209 illis
830 1153 874 1211 Ie·
887 1177 916 1226 19

120 1250 190 1289 sus:
206 1230 364 1308 Numquid
379 1245 504 1308 possunt
516 1230 568 1290 filii
583 1230 761 1308 nuptiarum,
775 1250 876 1308 quam-

119 1312 174 1369 diu
188 1330 316 1388 sponsus
331 1332 400 1371 cum
415 1312 472 1372 illis
487 1324 539 1384 est,
556 1311 710 1373 ieiunare?
752 1313 875 1386 Quanto

119 1403 257 1467 tempore
272 1393 385 1452 habent
399 1413 501 1453 secum
512 1413 664 1471 sponsum,
677 1413 738 1453 non
749 1406 876 1470 possunt

120 1471 261 1534 ieiunare.
305 1476 440 1536 Uenient
453 1485 553 1534 autern
569 1473 633 1535 dies
648 1495 716 1534 cum
727 1475 875 1534 auferetur
886 1500 916 1533 20

119 1555 161 1612 ab
176 1553 219 1613 eis
230 1574 358 1631 sponsus
371 1578 378 1614 ε
400 1567 430 1614 et
441 1566 512 1634 tunc
524 1554 699 1614 ieiunabunt
710 1556 741 1614 in
756 1553 805 1615 illa
814 1556 871 1614 die.

120 1636 223 1694 Nemo
238 1637 449 1695 adsumentum
463 1638 554 1714 pannr]
569 1638 651 1696 rudis
669 1635 769 1696 adsuit
787 1635 874 1696 uesti-
884 1661 914 1696 21

120 1729 226 1775 mento
238 1715 348 1776 ueteri:
363 1717 496 1794 alioquin
506 1719 621 1777 auferet
629 1719 872 1794 supplementum

119 1817 234 1855 nouum
246 1817 264 1856 a
275 1796 375 1869 ueteri,
387 1809 417 1857 et
428 1797 521 1858 maior
529 1799 655 1858 scissura
664 1799 704 1857 fit.
735 1799 775 1856 Et
783 1818 874 1857 nemo
885 1823 914 1856 κ

120 1875 213 1936 mittit
228 1877 332 1937 uinum
347 1880 500 1938 nouellum
514 1878 545 1938 in
560 1891 639 1939 utres
650 1889 783 1940 ueteres:
803 1877 874 1938 alio

120 1957 196 2034 quin
210 1957 376 2035 disrumpet
392 1962 496 2018 uinum
516 1972 603 2029 utres
620 1972 650 2019 et
664 1958 768 2018 uinum
782 1961 873 2018 effun-

119 2038 209 2111 ditur,
220 2051 250 2099 et
261 2053 340 2101 utres
351 2040 491 2116 peribunt
504 2065 510 2100 :
532 2042 586 2101 sed
597 2039 701 2099 uinum
711 2060 825 2099 nouum
840 2039 871 2099 in

119 2133 201 2180 utres
216 2141 312 2181 nouos
327 2121 403 2181 mitti
419 2122 517 2182 debet.

78 2199 105 2257 ²1
162 2203 202 2260 Et
216 2204 328 2262 sactum
343 2214 388 2262 est
407 2202 513 2263 iterum
533 2223 602 2262 cum
622 2201 755 2263 sabbatis
769 2201 912 2274 amhn-23
972 2215 1037 2257 aaut

85 2273 97 2298 ²
119 2285 194 2342 laret
208 2303 261 2360 per
271 2296 343 2357 sata,
356 2296 386 2343 et
397 2283 535 2361 discipuli
545 2283 608 2344 eius
617 2295 780 2362 coeperunt
789 2302 871 2361 prae·
930 2266 1066 2367 fflffffiffff‘

118 2362 204 2440 gredi
224 2375 255 2424 et
269 2367 378 2425 uellere
396 2365 500 2441 spicas.
545 2363 696 2425 Pharisaei
711 2376 813 2424 autem
829 2362 870 2424 di·
881 2389 912 2436 24
928 2368 966 2408 De
976 2366 1008 2408 23»
1020 2383 1050 2418 τε·

118 2444 231 2503 cebant
245 2444 290 2505 ei:
312 2447 404 2520 Ecce,
418 2448 492 2522 quid
507 2447 618 2506 faciunt
637 2445 769 2506 sabbatis
788 2446 872 2522 quod

118 2545 183 2584 non
205 2526 296 2585 licet?
346 2529 385 2585 Et
405 2529 447 2586 ait
468 2525 542 2586 illis:
563 2528 739 2603 Numquam
760 2524 872 2602 legistis
882 2548 912 2597 25

119 2605 194 2682 quid
209 2607 311 2666 fecerit
327 2607 436 2679 Dauid,
453 2608 575 2684 quando
594 2606 802 2666 necessitatem
821 2608 871 2665 ha·
929 2662 1004 2710 ὡς,

119 2686 193 2759 buit,
205 2699 235 2746 et
246 2687 347 2747 esuriit
358 2687 430 2765 ipse,
444 2700 474 2747 et
485 2688 615 2765 quicum
627 2707 663 2747 eo
675 2689 775 2746 erant?
797 2705 870 2763 quo·
880 2695 910 2744 26
927 2711 1079 2763 5555555555,

154 2833 176 2865 ¹⁶
197 2837 394 2888 >manducaret
412 2850 467 2882 cum
487 2834 628 2896 publicanis
649 2841 674 2882 et
692 2849 763 2895 pecc.
788 2831 840 2887 §U
912 2832 1032 2878 dixerunt
1056 2828 1080 2882 ᾖ

119 2900 142 2931 ¹⁷
159 2901 260 2948 medico
274 2899 326 2954 Μ
400 2898 562 2949 malehabent
573 2917 627 2949 uno
638 2899 712 2948 uerbo
724 2897 748 2953 5
825 2897 847 2929 20
863 2897 913 2944 illis
924 2896 1017 2943 diebus
1029 2893 1081 2950 §U

120 2965 140 2996 ²¹
159 2974 335 3014 assumentum
346 2971 369 3014 et
378 2966 458 3014 assuit
471 2964 523 3020 5OE
589 2969 696 3015 auferet
707 2963 813 3010 ADHM
827 2981 832 3010 :
851 2970 902 3011 -ert
915 2959 1081 3015 CFGVZSOE

119 3029 142 3062 22
160 3045 255 3079 nouum
267 3029 320 3086 SM
396 3031 525 3092 dirumpet
536 3029 589 3086 §M
667 3030 814 3078 effundetur
826 3026 878 3083 SM
979 3026 1000 3058 ²³
1017 3041 1081 3076 oum

127 3094 345 3152 ÷D0minusziffi
410 3104 439 3146 et
451 3112 495 3146 sec.
508 3095 597 3154 om}
663 3093 784 3160 progredi
797 3091 879 3155 SM)
932 3091 954 3126 ²⁴
970 3094 1081 3142 faciunt

127 3175 147 3213 ÷
155 3160 276 3224 discipuli
288 3163 324 3210 tui
336 3161 361 3218 S

586 3242 617 3303 85
