2250 3630
97 183 146 243 15.
161 204 246 260 ³3·4⁷
488 187 549 244 Au
570 185 840 247 comatulos
862 186 877 243 1

121 359 192 402 2c01.
200 360 247 402 ta
304 344 464 421 prodest‚si
473 343 582 403 mortui
590 343 828 420 nonresurgunt?
839 343 1068 404 Manducemus

127 412 165 452 E*
174 410 206 451 ῃ
217 426 247 464 ¹*
263 448 294 496 33
306 436 336 485 et
349 424 498 497 bibamus,
514 443 578 483 cras
592 423 674 483 enirn
688 422 857 482 moriemur.
902 423 1007 482 Nolite
1022 445 1067 484 se-

306 505 397 567 duci:
428 507 631 582 Corrumpunt
653 524 752 564 mores
777 503 875 563 bonos
899 506 1067 582 conloquia

103 593 166 636 Rom
175 594 206 635 1³·
217 610 247 636 11·
262 610 295 662 34
305 590 392 647 mala
423 586 571 664 Euigilate
580 585 665 657 iuste,
678 598 708 646 et
717 587 810 644 nolite
819 605 962 662 peccare:
977 584 1066 662 igno-

122 645 177 696 Eph
186 645 205 685 ⁵'
217 660 246 695 ¹*
304 667 431 728 rantiam
440 666 522 727 enim
532 667 590 727 Dei
600 666 724 745 quidam
733 667 863 726 habent:
878 667 918 725 ad
927 687 1067 728 reueren-

303 749 376 810 tiam
390 747 478 808 uobis
491 749 605 826 loquor.

261 854 291 903 35
344 832 404 891 Sed
414 829 495 890 dicet
503 829 609 906 aliquis
623 851 630 888 :
645 829 812 904 Quomodo
820 839 977 906 resurgunt
986 849 1066 888 mor-

116 927 164 974 1012.
173 930 204 973 12.
214 947 245 982 24.
261 923 292 983 36
303 909 372 971 tui?
386 911 468 989 quali
476 924 577 970 autern
585 928 711 985 corpore
720 908 868 968 ueniunt?
900 909 1062 986 Insipiens,

302 1004 335 1052 tu
360 994 444 1069 quod
468 990 598 1051 seminas
618 1010 682 1050 non
702 988 877 1062 uiuificatur,
901 990 958 1048 nisi
980 992 1063 1069 prius

260 1094 290 1148 ³7
303 1074 454 1134 moriatur.
487 1075 526 1132 Et
537 1073 620 1150 quod
631 1072 769 1144 seminas,
780 1090 842 1130 non
853 1091 962 1148 corpus
978 1075 1063 1148 quod

221 1207 224 1211 .
303 1157 433 1214 futurum
449 1165 494 1215 est
508 1153 646 1225 seminas,
663 1155 716 1212 sed
736 1154 851 1212 nudum
871 1172 1007 1229 granum,
1030 1166 1062 1214 ut

260 1249 291 1309 38
303 1247 382 1313 puta,
396 1235 484 1295 tritici
498 1245 550 1294 aut
565 1233 690 1294 alicuius
705 1246 889 1294 ceterorum:
912 1236 998 1294 Deus
1012 1256 1063 1295 au-

303 1327 364 1376 tem
379 1319 432 1376 dat
446 1316 489 1375 illi
507 1336 617 1393 corpus
634 1314 710 1375 sicut
731 1314 835 1388 uoluit,
851 1325 882 1374 et
896 1314 1062 1394 unicuique

259 1421 290 1474 39
301 1399 450 1458 seminum
464 1396 618 1475 proprium
632 1417 749 1474 corpus.
786 1398 858 1455 Non
873 1396 973 1456 omnis
989 1419 1061 1458 caro

191 1542 193 1546 ,
301 1481 407 1539 eadem
417 1499 504 1538 caro:
526 1479 580 1538 sed
591 1478 649 1538 alia
659 1477 824 1550 hominum,
837 1476 895 1536 alia
904 1476 1058 1554 pecorum,

258 1587 291 1634 40
301 1560 359 1619 alia
373 1579 443 1619 caro
460 1562 624 1632 uolucrum,
640 1559 699 1619 alia
716 1571 816 1618 autem
836 1557 974 1634 piscium.
1020 1564 1060 1621 Et

231 1664 234 1670 ·
301 1651 425 1717 corpora
434 1639 580 1713 caelestia,
592 1651 622 1700 et
631 1661 755 1718 corpora
764 1639 924 1700 terrestria:
935 1643 990 1701 sed
1001 1642 1061 1702 alia

301 1721 425 1799 quidem
448 1721 620 1782 caelestium
642 1724 743 1800 gloria,
765 1721 822 1780 alia
845 1733 947 1780 autem
971 1733 1059 1782 terre-

257 1829 288 1878 41
303 1802 415 1862 strium.
458 1801 527 1862 Alia
537 1802 654 1862 claritas
668 1802 746 1875 soliS,
757 1802 814 1861 alia
826 1802 943 1862 claritas
959 1805 1057 1877 lunae,

301 1883 359 1945 alia
380 1882 497 1944 claritas
519 1885 690 1945 stellarum:
720 1887 804 1943 stella
827 1883 909 1943 enirn
931 1904 949 1945 a
973 1888 1060 1945 stella

259 1993 289 2040 4²
302 1968 400 2026 differt
413 1965 444 2025 in
459 1964 599 2025 claritate.
626 1965 683 2025 -Sic
694 1976 723 2024 et
739 1964 912 2024 resurrectio
928 1978 1060 2026 mortuo·

302 2068 376 2107 rum.
419 2046 587 2108 Seminatur
601 2047 632 2104 in
647 2045 844 2122 corruptione,
862 2049 954 2122 surgit
971 2046 1003 2106 in
1016 2047 1060 2106 in-

121 2139 176 2186 Phil.
185 2142 204 2186 a
213 2159 244 2186 η.
259 2150 292 2201 43
303 2127 511 2204 corruptione:
532 2125 695 2186 seminatur
709 2127 740 2183 in
755 2125 950 2202 ignobilitate,
961 2129 1059 2206 surgit

302 2207 333 2266 in
352 2209 463 2284 gloria:
485 2207 647 2266 seminatur
667 2205 699 2264 in
716 2205 896 2279 infirmitate,
918 2208 1011 2286 surgit
1028 2210 1058 2268 in

258 2316 291 2363 44
302 2290 427 2348 uirtute:
449 2288 611 2347 seminatur
625 2308 732 2365 corpus
747 2287 884 2359 animale,
897 2292 988 2366 surgit
998 2310 1059 2349 cor-

302 2386 357 2445 pus
379 2367 516 2444 spiritale.
559 2369 589 2427 si
610 2380 655 2428 est
672 2388 780 2445 eorpus
800 2368 938 2441 animale,
962 2382 1008 2430 est
1029 2382 1058 2429 et

133 2461 187 2504 (ten.
197 2461 215 2503 a.
226 2477 244 2513 7.
259 2474 290 2523 45
302 2447 451 2525 spiritale*
462 2449 539 2508 sicut
548 2449 690 2526 scriptum
701 2461 758 2510 est:
772 2453 881 2509 Factus
890 2463 936 2509 est
945 2451 1059 2527 primus

113 2512 174 2605 ἓξὲξ
183 2513 203 2605 {2
212 2516 244 2604 ᾗῇ·
301 2531 394 2588 homo
403 2531 503 2588 Adam
515 2529 545 2588 in
557 2529 688 2589 animam
701 2533 862 2602 uiuentem,
876 2531 1059 2591 nouissimus

136 2608 138 2613 ’
259 2622 291 2686 46
302 2612 402 2670 Adam
411 2610 442 2668 in
454 2609 589 2688 spiritum
601 2610 813 2671 uiuificantem.
836 2614 896 2672 Sed
906 2632 969 2672 non
978 2613 1060 2691 prius

132 2681 186 2723 Gen·
196 2681 215 2722 ²·
226 2697 243 2732 ⁷¹
301 2693 384 2769 quod
398 2691 529 2768 spiritale
543 2705 596 2765 est,
613 2695 667 2752 sed
682 2696 765 2770 quod
779 2693 909 2752 animale
924 2706 988 2753 est:
1009 2696 1059 2754 de-

183 2732 202 2773 3,
214 2748 243 2782 19.

127 2783 174 2840 Act·
185 2783 202 2824 1.
214 2798 243 2823 11·
260 2793 291 2847 47
304 2775 375 2833 inde
389 2775 472 2850 quod
487 2773 626 2850 spiritale.
669 2773 786 2833 Primus
805 2776 898 2833 homo
913 2775 952 2833 de
973 2786 1057 2846 terra,

119 2832 172 2873 ΡΜ·
182 2834 201 2874 ³·
212 2848 243 2923 ξῗξ
302 2855 454 2914 terrenus:
476 2857 626 2915 secundus
641 2856 735 2915 homo
750 2857 789 2915 de
802 2857 895 2926 caelo,
912 2855 1055 2914 caelestis.

124 2973 146 3005 ³⁴
164 2975 224 3022 iusti
236 2974 289 3030 Μ
381 2974 402 3007 ³⁶
419 2979 497 3034 quali
509 2983 620 3027 autem:
637 2978 738 3042 qualive
751 2975 803 3032 Μ
887 2975 996 3022 venient
1007 2973 1058 3030 §tl

93 3035 114 3069 ³⁸
131 3043 241 3089 uoluit:
257 3041 312 3088 vult
324 3038 377 3096 Μ
442 3041 464 3072 ³⁹
482 3045 537 3091 ulia
548 3052 589 3106 pr.
600 3042 790 3106 ÷quidemffl
846 3044 903 3090 alia
914 3056 960 3090 sec.
972 3054 1057 3091 ÷vero

92 3101 145 3159 Μ
228 3104 278 3154 alia
299 3107 430 3155 volucrum
454 3107 517 3165 (om.
541 3110 617 3170 caro)
642 3107 695 3164 ΞΘ
801 3106 821 3139 ⁴¹
837 3108 985 3161 tuamet
1008 3103 1059 3163 Μ

92 3168 120 3217 ⁴²2
132 3168 160 3218 ⁴³1
172 3168 195 3202 ⁴⁴
211 3178 302 3233 surget
314 3180 411 3235 semper
421 3171 475 3228 Μ
540 3173 562 3206 ⁴⁶
579 3181 622 3225 est
632 3189 676 3223 sec.
690 3191 741 3223 om.
753 3168 806 3229 ΞΘ
902 3234 909 3250 .

549 3267 599 3317 424
