2250 3630
74 195 120 255 13.
137 195 263 254 18-1.2
285 197 345 252 AD
368 193 790 255 HEBRAEOS÷1ACOBI
812 193 1032 253 EPISTULA

283 349 397 410 tionem
409 348 631 427 pro'animabus
642 348 747 410 uestris
757 346 913 420 reddituri,
927 359 962 409 ut
973 369 1043 408 cum

283 432 393 509 gaudio
403 433 461 491 hoc
470 429 589 503 saciant,
595 443 625 491 et
634 451 696 490 non
704 441 873 509 gementes:
888 431 952 489 hoc
961 429 1043 489 enim

283 532 347 572 non
363 511 482 590 expedit
496 510 594 571 uobis.
619 544 621 547 ·

75 615 225 665 mnaseas.
243 607 272 653 18
325 594 417 654 Orate
427 613 481 669 pro
492 591 582 651 nobis
595 616 602 652 ι
617 591 798 653 confidimus
811 590 894 653 enim
906 592 983 670 quia
993 593 1044 652 bu

112 665 226 756 Αθῑιὶὲᾗξζ
284 694 355 732 nam
370 672 585 734 conscientiam
597 674 751 746 habemus,
764 675 796 732 in
806 672 954 734 omnibus
965 673 1044 732 bene

244 780 274 829 19
285 757 422 815 uolentes
430 756 608 814 conuersari
635 757 774 831 Amplius
783 766 885 814 autem
895 756 1044 832 deprecor

285 855 341 894 uos
356 837 414 894 hoc
425 838 530 909 facere,
543 847 577 895 ut
586 854 647 911 quo
657 834 782 894 celerius
793 837 934 893 restituar
945 835 1042 894 uobis

108 931 226 974 nessae
244 942 275 975 20
329 919 412 975 Deus
430 929 532 976 autem
553 915 644 993 pacis,
661 915 713 993 qui
732 914 835 975 eduxit
856 917 895 975 de
917 918 1044 976 mortuis

94 983 226 1073 {gssssffgjssj
287 1009 435 1073 pastorem
454 1018 596 1074 magnum
614 997 726 1068 ouium,
743 998 774 1054 in
792 997 942 1072 sanguine
958 1008 1044 1055 testa-

111 1081 198 1171 l{Es-{3⁵
209 1096 226 1130 a·
244 1103 272 1134 21
287 1076 380 1136 menti
393 1077 513 1151 aeterni,
532 1077 700 1137 Dominum
716 1087 851 1136 nostrum
868 1079 983 1151 Iesum,
996 1097 1044 1152 ap-

89 1147 99 1171 ¹
129 1140 157 1172 ‘t‘
181 1145 227 1182 '²⁵‘
287 1168 329 1217 tet
348 1177 403 1217 uos
422 1158 453 1217 in
467 1159 551 1217 omni
567 1159 658 1230 bon0,
673 1168 707 1217 ut
722 1156 835 1216 faciatis
851 1159 1042 1219 uoluntatem

287 1239 368 1297 eius:
388 1238 499 1298 faciens
515 1239 545 1297 in
561 1237 650 1300 uobis
664 1240 749 1315 quod
763 1239 880 1314 placeat
896 1259 1002 1299 coram
1013 1259 1043 1298 se

286 1338 340 1395 per
362 1320 464 1379 Iesum
487 1319 659 1380 Christum:
683 1318 732 1379 cui
754 1318 848 1396 gloria
871 1318 904 1377 in
925 1323 1042 1380 saecula

287 1402 482 1460 saeculorum.
525 1403 634 1460 Amen.

246 1507 274 1539 22
329 1483 417 1557 Rogo
434 1492 535 1539 autem
552 1501 616 1553 uos,
634 1482 745 1554 fratres,
761 1492 794 1540 ut
812 1481 965 1542 sufferatis
982 1502 1043 1541 uer-

286 1561 359 1620 bum
377 1559 493 1620 solatii:
514 1561 627 1621 etenim
641 1560 798 1639 perpaucis
817 1561 926 1638 scripsi
947 1562 1039 1623 uobis

244 1668 274 1714 23
287 1641 469 1718 Cognoscite
487 1643 606 1701 fratrem
625 1655 761 1703 nostrum
781 1641 984 1703 Timotheum
1003 1645 1042 1702 di-

285 1722 428 1782 missum:
442 1741 512 1780 cum
528 1742 597 1798 qun,
610 1722 636 1782 si
651 1722 775 1783 celerius
790 1725 918 1796 uenerit,
933 1724 1041 1784 uidebo

285 1824 348 1863 uos.

244 1911 275 1958 24
326 1886 458 1946 Salutate
466 1884 762 1962 omnespraepositos
774 1894 891 1943 uestros
902 1897 933 1944 et
939 1904 1041 1945 omnes

285 1978 414 2026 sanctos
451 1967 587 2026 Salutant
601 1987 657 2026 uos
672 1968 710 2026 de
726 1964 822 2024 Italia.

244 2071 273 2122 25
327 2047 431 2108 Gratia
445 2066 514 2106 cum
530 2047 671 2107 omnibus
687 2046 782 2106 uobis.
819 2048 935 2107 Amen.

463 2179 611 2220 texentem
633 2179 675 2219 nn
697 2176 865 2220 nannenus

282 2355 493 2432 INCIPIT
532 2353 809 2428 EPISTULA
850 2354 1038 2428 IACOBI

136 2566 150 2592 ¹¹
194 2565 228 2592 '¹‘
288 2589 399 2642 seruuS,
420 2567 583 2628 duodecim
602 2566 739 2626 tribubus
763 2585 839 2642 quae
855 2578 927 2627 sunt
942 2567 975 2626 in
988 2566 1041 2627 dis·

288 2649 434 2730 persione,
451 2651 587 2708 salutem.

77 2712 170 2803 1Ῐῖιῖᾞῇ
171 2728 211 2813 ἐξ
211 2726 229 2814 ξζ
266 2758 277 2791 2
330 2732 430 2792 Omne
441 2729 584 2807 gaudium
593 2727 768 2802 existimate,
779 2729 882 2787 fratres
895 2728 965 2803 mei,
976 2749 1040 2788 cum

108 2863 129 2896 ¹⁸
146 2862 249 2928 msttag.
262 2863 404 2911 habemus:
421 2861 447 2908 in
460 2859 492 2923 5,
508 2861 632 2909 habemus
643 2861 670 2908 in
683 2859 710 2914 OE
843 2858 865 2890 ¹⁹
882 2875 935 2909 om.
949 2866 983 2910 ut
995 2857 1041 2916 Μ

76 2927 98 2960 ²⁰
108 2933 204 2978 Iesum
215 2932 270 2978 sine
280 2928 356 2979 addit.
369 2927 456 2986 ΑΕἚ
467 2943 473 2974 :
498 2941 516 2976 ÷
525 2927 655 2974 Christum
666 2923 854 2978 CDFOEVSOE
917 2924 940 2958 ²¹
953 2930 983 2982 >
991 2927 1041 2974 eius

74 2993 230 3044 voluntatem
244 2993 297 3050 Μ
347 2997 468 3043 eut÷est
480 2990 532 3047 Ξρῖ
614 2991 636 3024 ²²
651 3007 702 3040 om.
715 2996 748 3038 ut
758 2989 836 3038 AGH
919 2988 943 3024 ⁹⁴
960 2994 1041 3040 Itali·

81 3073 99 3110 ÷
109 3060 202 3109 fratres
215 3060 268 3116 Μ
333 3074 384 3108 om.
397 3058 490 3106 subscr.
505 3056 557 3112 SIT„

107 3124 186 3176 Inscr.
203 3123 379 3173 EPISTOLA
395 3121 583 3172 CANONICA
600 3121 703 3171 BEATI
722 3120 845 3171 IACOBI
864 3118 1040 3172 APOSTOLI

74 3188 109 3252 5,
123 3188 301 3239 EPISTOLA
311 3187 520 3239 CATHOLICA
532 3186 637 3238 ΒΕΑΤΙ
650 3187 771 3237 lncosst
783 3185 965 3238 APOS'IOLI
979 3187 1006 3243 G

535 3279 584 3330 540
