2472 3730
150 221 178 278 2.
196 217 297 293 39-3.
314 242 331 290 4
492 215 630 276 ACTUS
652 215 974 276 APOSTOLORUM

182 395 261 436 aasz.
272 409 303 446 19.
321 394 352 444 39
362 366 515 444 accipietis
529 369 645 428 donum
657 368 751 426 sancti
767 368 900 444 Spiritus.
924 366 1022 428 Uobis
1037 365 1116 427 enim

360 460 405 509 est
426 447 623 526 repromissio,
646 459 676 507 et
694 447 761 506 filiis
780 447 905 508 uestris:
926 459 956 507 et
977 447 1116 507 omnibus

361 529 413 607 qui
428 531 517 606 longe
531 540 609 601 sunt,
625 531 833 605 quoscumque
850 527 1043 588 aduocauerit
1058 531 1118 588 Do·

319 638 352 684 40
364 612 462 670 minus
478 612 562 670 Deus
577 622 687 669 noster.
729 608 805 674 Aliis
820 609 910 670 etiam
921 608 1020 669 uerbis
1031 609 1119 687 pluri-

362 692 418 751 bus
443 692 617 751 testificatus
640 702 693 764 est,
717 701 748 750 et
767 690 976 750 exhortabatur
994 710 1054 763 eos,
1076 693 1118 750 di·

183 800 203 840 4.
213 799 260 850 4‚5,
271 813 302 849 1„
318 797 348 846 41
362 792 452 833 cens:
467 770 855 848 Saluaminiageneratione
864 770 920 830 ista
930 790 1030 848 praua.
1057 771 1118 847 Qui

361 873 432 930 ergo
440 865 615 930 receperunt
626 872 795 911 sermonem
804 851 876 925 eius,
883 851 1023 929 baptizati
1035 865 1118 914 sunt:

361 946 391 994 et
413 933 569 1012 adpositae
590 932 711 993 suntin
731 934 782 992 illa
795 932 844 993 die
864 932 983 993 animae
1003 933 1119 993 circiter
1223 973 1224 976 =

319 1042 349 1089 42
362 1014 417 1074 tria
426 1013 515 1075 milia.
559 1018 652 1074 Erant
666 1026 766 1074 autem
782 1025 1006 1091 perseuerantes
1021 1013 1053 1072 in
1067 1016 1117 1074 do
1223 1049 1224 1092 1

362 1096 457 1156 ctrina
476 1099 701 1174 Apostolorum,
722 1106 751 1154 et
770 1093 1045 1155 communicatione
1066 1098 1119 1155 ira·

362 1176 469 1238 ctionis
484 1176 577 1255 panis,
594 1189 623 1238 et
638 1175 832 1236 orationibus.

216 1276 235 1317 5.
246 1291 304 1327 5,11‚
321 1283 353 1332 43
406 1258 512 1318 Fiebat
532 1271 633 1318 autem
653 1256 736 1317 omni
754 1256 873 1316 animae
895 1255 1003 1318 timor:
1024 1260 1120 1317 multa
1223 1319 1224 1324 ,

232 1328 262 1368 la.

273 1341 304 1378 ¹⁷·
362 1359 485 1416 quoque
499 1339 633 1417 prodigia
642 1350 672 1399 et
680 1338 764 1416 signa
772 1358 825 1415 per
833 1340 996 1415 Apostolos
1006 1339 1120 1398 fiebant

362 1419 394 1479 in
409 1419 610 1490 Hierusalem,
626 1432 656 1481 et
673 1431 770 1478 metus
789 1429 852 1478 erat
871 1439 995 1496 magnus
1010 1421 1042 1478 in
1056 1419 1121 1479 uni-

161 1521 303 1572 t.32‚34,35.
321 1499 466 1575 44uersis.
510 1502 625 1561 Omnes
648 1500 738 1560 etiam
760 1499 813 1577 qui
837 1500 1009 1573 credebant,
1035 1512 1120 1560 erant
1223 1517 1224 1538 ¹

320 1606 351 1655 45
363 1581 478 1659 pariter,
489 1591 519 1641 et
528 1581 680 1641 habebant
687 1580 790 1640 omnia
798 1580 977 1640 communia
1002 1584 1121 1642 Posses·
1223 1621 1224 1626 κ

362 1661 461 1722 siones
476 1673 506 1722 et
516 1662 695 1721 substantias
707 1661 888 1733 uendebant,
904 1660 1121 1723 etdiuidebant

241 1761 260 1802 5.
271 1775 303 1811 42.
319 1754 351 1817 46
362 1742 412 1802 illa
420 1742 569 1815 omnibus,
582 1753 670 1820 prout
679 1741 789 1819 cuique
800 1762 876 1819 opus
887 1754 955 1803 erat.
998 1743 1121 1804 Cotidie
1223 1741 1224 1754 ¹

186 1812 221 1853 tc.
232 1811 303 1862 ²4·⁵³·
362 1844 483 1901 quoque
498 1826 691 1902 perdurantes
706 1822 885 1883 unanimiter
903 1822 933 1881 in
951 1826 1072 1901 temp10,
1089 1837 1121 1885 et

362 1908 530 1982 frangentes
545 1905 623 1964 circa
636 1907 744 1965 domos
763 1923 881 1982 panem,
903 1906 1062 1965 sumebant
1081 1905 1120 1965 ci-

362 1986 437 2046 bum
453 2007 523 2046 cum
542 1985 731 2056 exultatione,
750 1998 780 2045 et
797 1983 985 2062 simplicitate
1008 1987 1118 2060 cordis,

183 2087 203 2127 4.
215 2086 261 2137 gs.
274 2100 305 2136 14.
320 2088 352 2142 47
366 2064 369 2104 ¹
385 2069 602 2128 conlaudantes
613 2070 722 2140 Deum,
736 2078 765 2127 et
779 2066 925 2125 habentes
939 2065 1063 2143 gratiam
1078 2071 1120 2127 ad

363 2169 485 2208 omnem
497 2148 626 2226 plebem.
656 2146 806 2207 Dominus
816 2159 917 2206 autem
928 2147 1056 2224 augebat
1066 2147 1121 2224 qui

363 2230 438 2288 salui
453 2231 557 2289 fierent
571 2227 682 2289 cotidie
697 2227 728 2288 in
742 2227 774 2288 id
788 2227 897 2306 ipsum.

331 2306 356 2369 3
407 2313 511 2369 Petrus
530 2322 630 2369 autern
646 2321 675 2368 et
691 2311 844 2369 Iohannes
862 2309 1067 2369 ascendebant
1085 2309 1119 2370 in

246 2408 277 2449 14.
287 2413 305 2450 a.
341 2393 511 2468 2templum
524 2392 564 2451 ad
579 2392 685 2450 horam
696 2388 838 2450 orationis
849 2410 970 2449 nonam.
1004 2392 1044 2449 Et
1054 2390 1120 2467 qui-

198 2459 245 2500 ¹⁰¹¹·
256 2460 274 2500 ⁹·
287 2475 304 2501 ¹·
362 2473 433 2531 dam
442 2471 494 2543 uir,
505 2473 627 2547 quierat
637 2472 764 2530 claudus
774 2492 810 2530 ex
820 2483 905 2530 utero
920 2469 1021 2529 matris
1035 2491 1118 2544 suae,
1222 2523 1223 2534 ,

362 2551 566 2612 baiulabatur:
588 2572 678 2629 quem
696 2551 850 2630 ponebant
866 2550 976 2611 cotidie
994 2553 1033 2610 ad
1052 2572 1122 2628 por-
1222 2547 1223 2564 ¹

361 2645 423 2692 tam
440 2635 543 2710 templi
559 2653 637 2710 quae
658 2632 767 2693 dicitur
784 2631 933 2710 Speciosa,
953 2643 987 2691 ut
1003 2644 1121 2709 peteret

338 2716 563 2790 3elemosynam
574 2713 614 2774 ab
625 2712 845 2773 introeuntibus
855 2712 887 2771 in
897 2715 1051 2790 templum.
1087 2715 1121 2773 Is
1222 2729 1223 2744 ¹

360 2815 429 2855 cum
445 2796 567 2854 uidisset
582 2797 703 2854 Petrum
718 2806 747 2854 et
762 2794 930 2853 Iohannem
941 2792 1122 2870 incipientes
1222 2805 1223 2882 ᾗ

359 2875 480 2937 introire
498 2874 530 2935 in
545 2879 700 2952 templum,
720 2874 843 2952 rogabat
864 2885 897 2933 ut
914 2876 1122 2952 elemosynam

336 2957 516 3036 4acciperet.
552 2957 677 3016 intuens
688 2968 789 3015 autem
801 2957 831 3014 in
846 2975 915 3014 eum
927 2958 1031 3014 Petrus
1046 2977 1123 3016 cum

184 3123 205 3154 ³⁰
219 3122 368 3185 >Spiritus
380 3124 461 3172 sancti
473 3122 526 3177 Sil
582 3122 604 3155 ⁴⁰
619 3125 748 3180 pluribus
760 3120 853 3170 CDFG
865 3138 871 3169 :
889 3119 1003 3182 plurimis
1015 3095 1125 3177 AVQOE

151 3187 171 3218 ⁴¹
192 3195 220 3243 >
229 3189 272 3238 die
283 3188 325 3237 illa
337 3188 390 3245 Μ
449 3188 471 3219 ⁴³
490 3195 518 3243 >
531 3188 557 3234 in
572 3187 709 3238 Ierusalem
722 3187 817 3238 fiebant
829 3185 882 3242 Μ

608 3267 657 3328 284
