2458 3726
862 73 880 101 ἡ

859 127 880 162 ιι,

247 223 488 285 SECUNDUM
513 225 768 287 MATTHEUM
857 227 877 298 ¹⁴
945 229 995 286 21.
1012 247 1093 302 29⁴41

124 377 227 436 filios:
242 387 272 436 et
281 377 429 442 accedens
439 377 478 442 ad
488 375 719 453 primum'dixit;
735 375 799 448 Fili,
808 378 887 438 uade

124 458 230 526 hodie,
247 476 369 533 operare
383 456 415 516 in
428 457 517 517 uinea
534 477 608 518 mea
654 459 709 518 Ille
728 471 828 518 autem
846 477 928 534 re29

127 539 287 615 spondens
306 537 365 597 ait:
394 539 483 597 Nolo.
527 541 636 599 Postea
656 552 766 610 autem,
787 539 886 614 paeni-
970 583 972 590 1
1024 581 1027 588 -

126 617 224 680 tentia
238 630 345 689 motus,
359 618 440 678 abiit.
477 621 635 679 Accedens
648 630 749 678 autem
763 620 803 678 ad
817 620 888 679 alte·
896 644 928 690 30
988 682 990 689 ,

126 718 205 769 rum,
221 697 296 758 dixit
310 697 450 759 similiter.
495 703 536 762 At
550 699 600 760 ille
620 701 806 777 respondens
826 699 885 759 ait:
963 751 965 756 .

127 783 186 852 Eo,
200 778 333 851 domine,
344 794 373 838 et
384 800 447 840 non
458 780 519 840 iuit.
534 786 537 806 ¹
549 782 626 856 Quis
640 800 678 840 ex
687 779 807 840 duobus
818 779 887 840 fecit
897 806 926 854 ³1

125 862 317 920 uoluntatem
332 860 443 936 patris?
482 863 614 920 Dicunt·
635 860 760 923 Primus
805 861 886 920 Dicit

126 941 187 1001 illis
203 943 305 1001 Iesus:
327 944 427 1001 Amen
445 941 515 1004 dico
534 941 629 1015 uobis,
644 944 715 1019 quia
733 941 885 1033 publicani
944 967 1030 1009 1000
1019 983 1091 1019 0000,

126 1033 160 1083 et
174 1021 345 1082 meretrices
359 1025 542 1099 praecedunt
556 1043 611 1082 uos
626 1023 657 1082 in
672 1042 795 1115 regnum
814 1022 882 1084 Dei
943 1033 981 1070 37·
982 1033 1012 1070 ⁵0
993 1019 1089 1068 8080

126 1102 226 1165 Uenit
240 1102 322 1162 enim
339 1105 380 1163 ad
394 1124 448 1163 uos
464 1103 639 1165 Iohannes
633 1124 663 1162 m
683 1103 732 1164 uia
743 1103 882 1178 iustitiae,
895 1129 924 1177 3²

126 1197 160 1244 et
168 1203 233 1244 non
243 1183 447 1244 credidistis
421 1204 465 1244 er:
480 1183 632 1262 publicani
643 1196 742 1245 autem
753 1196 783 1243 et
794 1204 885 1245 mere·

126 1264 219 1326 trices
233 1263 423 1326 crediderunt
437 1267 483 1325 ei:
502 1285 556 1327 uos
567 1277 668 1326 autern
679 1264 815 1330 uidentes
827 1285 884 1326 nec

126 1345 344 1436 paenitentiam
355 1345 500 1407 habuistis
511 1359 623 1423 postea,
634 1357 667 1405 ut
677 1345 872 1406 crederetis
846 1366 882 1406 ei

77 1428 113 1478 Ἦ
170 1425 272 1486 Aliam
281 1427 454 1504 parabolam
463 1427 574 1490 audite
612 1431 718 1488 Homo
728 1439 790 1488 erat
801 1439 885 1504 pater
895 1453 926 1501 33

89 1503 100 1527 ²
126 1507 267 1580 familias,
289 1507 340 1599 qui
361 1510 507 1584 plantauit
527 1509 657 1582 uincam,
679 1520 710 1569 et
730 1528 819 1584 saepe
833 1507 885 1568 cir·
942 1496 1095 1588 {coi}
1028 1560 1053 1597 0
1055 1561 1086 1598 0

126 1587 332 1649 cumdedit
306 1608 342 1661 er,
362 1600 392 1648 et
411 1589 514 1649 lodit
505 1610 537 1648 m
556 1610 592 1650 ea
610 1592 746 1661 torcular,
763 1603 793 1650 et
806 1588 886 1652 aedi·
942 1613 1029 1656 Es.51
1020 1627 1064 1666 1·.7

125 1670 233 1730 ficauit
257 1681 376 1743 turrem,
402 1679 432 1730 et
456 1670 568 1732 locauit
591 1691 657 1732 eam
682 1670 825 1747 agricolis,
856 1683 886 1730 et

127 1769 254 1828 peregre
274 1752 432 1828 proiectus
445 1763 499 1812 est.
543 1753 622 1813 Cum
643 1764 744 1812 autem
766 1764 884 1829 ternpus
895 1777 927 1826 34

121 1834 282 1892 fructuum
301 1831 577 1926 adpropinquasset,
598 1832 679 1892 misit
691 1852 799 1923 seruos
816 1852 887 1894 suos

125 1914 171 1972 ad
192 1911 344 1990 agricolas,
365 1925 399 1974 ut
417 1915 587 1990 acciperent
606 1912 758 1973 fructus
732 1933 804 1973 erus.
848 1916 887 1973 Et
897 1936 927 1986 35

128 1994 287 2070 agricolae,
302 1993 497 2084 adprehensis
511 1993 604 2055 seruis
618 1993 691 2066 eius,
705 1993 798 2062 alium
812 1993 888 2054 ceci-

129 2076 250 2146 derunt,
279 2076 371 2138 alium
394 2073 577 2147 occiderunt,
604 2074 696 2134 aliurn
720 2093 793 2134 uero
818 2073 889 2150 lapi-

129 2157 288 2215 dauerunt
334 2157 446 2216 Iterum
469 2155 549 2216 misit
569 2155 643 2216 alios
666 2175 767 2216 seruos
788 2158 888 2232 plures
898 2166 930 2228 3⁶
1003 2213 1004 2218 ,

129 2233 299 2314 prioribus:
320 2248 349 2296 et
370 2238 505 2296 lecerunt
524 2236 580 2296 illis
594 2235 735 2300 similiter.
778 2235 929 2311 Nouis-37

130 2315 210 2376 sime
223 2327 325 2376 autem
340 2317 419 2377 misit
433 2319 472 2376 ad
484 2336 536 2378 eos
549 2317 642 2376 lilium
655 2337 752 2390 suum,
765 2316 888 2379 dicens:

129 2397 327 2460 Uerebuntur
346 2399 440 2458 filium
455 2417 565 2458 meum.
590 2400 594 2434 ¹
617 2400 773 2474 Agricolae
786 2410 888 2460 autem
899 2411 929 2471 38

129 2479 272 2538 uidentes
293 2478 395 2551 lilium,
419 2478 557 2539 dixerunt
582 2480 657 2537 intra
682 2499 733 2540 se:
757 2479 818 2539 Hic
844 2492 889 2540 est

130 2561 237 2618 heres:
258 2557 367 2632 uenite,
384 2559 557 2620 occidamus
573 2579 651 2632 eum,
667 2571 697 2620 et
711 2559 890 2620 habebimus

130 2637 330 2699 hereditatem
344 2641 417 2699 eius.
460 2643 499 2700 Et
512 2641 734 2717 adprehensum
748 2660 817 2700 eum
832 2639 889 2700 eie·
899 2664 931 2715 39

130 2731 239 2780 cerunt
263 2731 345 2780 extra
369 2719 498 2793 uincam,
525 2733 555 2781 et
579 2721 764 2782 occiderunt.
807 2720 887 2784 Cum
897 2745 930 2795 40

131 2819 206 2877 ergo
219 2800 334 2862 uenerit
348 2801 490 2862 dominus
505 2801 620 2874 uineae,
633 2801 708 2878 quid
719 2800 808 2861 faciet
818 2801 891 2878 agri-

131 2880 209 2942 colis
230 2879 310 2942 illis?
351 2884 446 2942 Aiunt
467 2881 526 2943 illi:
561 2885 660 2942 Malos
680 2885 758 2944 male
773 2884 886 2960 perdet,
897 2906 928 2957 41

112 2987 120 3000 “
166 2993 187 3026 ⁸¹
205 2993 427 3049 dietmt÷eiSOE
459 2993 1096 3052 pnmusullcltvzsamttt:nouissimushcs

132 3058 213 3107 11⁸2*
219 3059 262 3120 al,
272 3059 302 3121 cs.
312 3059 462 3120 Hieronymi
467 3067 598 3109 comment.
607 3065 613 3088 ‘
622 3060 749 3108 sa'endum
758 3066 796 3107 est
806 3061 832 3108 in
845 3061 911 3108 ueris
916 3060 1098 3121 exemplaribus

130 3141 184 3174 non
197 3124 282 3173 haberi
292 3125 457 3174 nouissimum
466 3123 511 3174 sed
519 3126 642 3186 primurn'
692 3127 848 3186 praecedent
854 3123 907 3183 ξπ
969 3124 990 3156 ³³
1006 3139 1095 3187 sepem

130 3189 186 3246 2OE
237 3191 327 3239 turrim
339 3188 391 3246 Sti
457 3189 478 3221 ³⁷
496 3189 805 3248 uerebantur÷lorte5

602 3283 633 3332 55
