2250 3630
95 182 224 255 7.14-27
436 177 575 240 Acrus
597 175 917 238 Arosrononurr

304 333 373 408 suis,
389 345 419 394 et
433 330 655 392 manifestatum
665 342 710 392 est
721 331 869 391 Pharaoni
879 351 973 408 genus
988 330 1061 394 eius.

120 441 176 482 oen.
185 439 217 480 rs.
227 454 247 490 9,
266 441 296 491 ¹4
308 415 433 475 Mittens
447 424 548 474 autem
557 414 669 491 loseph
679 411 833 472 accersiuit
844 413 938 472 Iacob
947 416 1062 489 patrem

128 505 246 592 &23:23
305 517 392 556 suum
416 507 446 554 et
469 513 591 585 omnem
614 493 825 571 cognationem
848 492 880 552 in
904 493 1063 555 animabus

124 591 247 683 nfpohp
265 601 294 650 15
306 575 492 654 septuaginta
506 594 648 651 qumque
692 576 732 634 Et
749 576 906 634 descendit
921 576 1016 634 Iacob
1031 575 1062 635 in

96 700 248 750 cmm
305 659 494 733 Aegyptum:
516 666 545 714 et
571 654 729 715 defunctus
752 666 796 715 est
817 655 888 732 ipse,
912 667 941 714 et
964 668 1063 732 patres

171 751 204 792 ra
216 765 246 802 ³2.
266 749 296 797 16
306 735 409 797 nostri.
453 738 492 795 Et
507 734 640 795 translati
655 734 765 796 suntin
777 737 913 812 Sychem,
929 748 959 795 et
973 737 1064 813 positi

108 801 249 909 &533¹ss
306 816 421 878 suntin
436 817 596 895 sepulchro
610 818 692 892 quod
711 815 783 876 emit
798 817 951 876 Abraham
966 817 1063 894 pretio

118 911 205 1004 1332
215 925 247 1012 {p
266 897 419 975 r7argenti
441 918 459 956 a
482 897 549 957 filiis
579 899 704 956 Emmor
725 896 778 956 filii
803 899 939 974 Sychem.
983 898 1064 958 Cum

107 1027 147 1067 E„
159 1025 177 1065 ι,
188 1039 207 1076 7,
217 1037 247 1063 ,z
305 979 558 1057 adpropinquaret
572 989 673 1038 autem
695 989 813 1054 tempus
827 977 1065 1055 repromissionis

306 1081 397 1138 quarn
420 1061 572 1120 confessus
595 1070 657 1118 erat
686 1061 769 1118 Deus
797 1059 944 1132 Abrahae,
970 1062 1065 1119 creuit

146 1167 187 1209 Εκ.
198 1166 216 1208 ι.
228 1168 246 1208 e.
267 1155 296 1201 18
307 1143 436 1219 populus
445 1153 474 1201 et
484 1138 695 1216 multiplicatus
707 1151 751 1199 est
760 1138 791 1198 in
800 1138 954 1217 Aegypto,²
962 1142 1065 1215 quoad

306 1243 401 1300 usque
418 1219 540 1281 surrexit
559 1240 609 1280 rex
625 1219 701 1280 alius
719 1219 751 1279 in
770 1222 915 1298 Aegypto,
931 1219 983 1297 qui
1001 1240 1065 1280 non

99 1329 139 1370 ne
150 1328 247 1380 1.15-22.
267 1329 296 1379 19
308 1303 421 1364 sciebat
449 1303 568 1378 Ioseph.
622 1300 684 1360 Hic
709 1300 946 1361 circumueniens
969 1321 1065 1378 genus

307 1396 449 1455 nostrum,
465 1382 579 1442 adflixit
588 1395 686 1459 patres
701 1394 733 1442 ut
743 1392 923 1458 exponerent
934 1381 1065 1441 infantes

139 1488 205 1530 att-as
266 1490 297 1524 20
308 1484 385 1536 suos,
401 1483 440 1522 ne
454 1462 682 1523 uiuificarentur.
728 1465 846 1522 Eodem
865 1473 1000 1539 ternpore
1014 1482 1065 1522 na-

99 1539 156 1631 HEe'g
163 1539 248 1640 {12¹3}
305 1557 352 1604 tus
366 1558 411 1604 est
426 1546 538 1617 MoseS,
549 1557 579 1603 et
588 1543 643 1603 suit
653 1556 753 1620 gratus
763 1546 848 1604 Deo:
870 1543 921 1620 qui
936 1543 1065 1603 nutritus

216 1654 247 1692 η.
266 1651 294 1684 21
307 1638 352 1684 est
366 1623 459 1684 tribus
473 1623 626 1684 mensibus
641 1624 673 1684 in
687 1626 781 1684 domo
797 1623 888 1702 patris
901 1623 957 1685 sui.
1009 1627 1066 1683 Ex-

306 1705 405 1783 posito
419 1717 519 1765 autem
533 1704 593 1779 illo,
605 1705 723 1766 sustulit
737 1727 806 1766 eum
817 1705 878 1764 filia
889 1705 1062 1778 Pharaonis,

184 1841 187 1848 .
265 1813 294 1848 22
307 1799 336 1846 et
354 1785 494 1847 enutriuit
510 1807 579 1847 eum
598 1785 655 1846 sibi
673 1785 704 1847 in
724 1786 827 1847 filiurn.
870 1789 910 1845 Et
931 1785 1065 1846 eruditus

307 1880 351 1928 est
375 1870 478 1928 Moses
501 1869 584 1928 omni
608 1867 754 1945 sapientia
780 1869 1004 1946 Aegyptiorum,
1034 1879 1065 1927 et

265 1974 295 2022 ²3
306 1960 368 2009 erat
376 1961 483 2026 potens
492 1950 523 2008 in
533 1948 639 2021 uerbis,
651 1948 721 2008 etin
731 1949 869 2026 operibus
879 1948 947 2008 suis.
984 1951 1064 2019 Cum

305 2041 406 2090 autern
414 2029 585 2107 impleretur
594 2028 621 2090 ei
631 2030 826 2108 quadraginta
834 2050 980 2090 annorum
993 2042 1066 2089 tem·

306 2131 371 2189 pus,
390 2111 524 2171 ascendit
542 2113 572 2170 in
596 2131 649 2173 cor
672 2113 735 2171 eius
758 2124 791 2171 ut
812 2110 942 2171 uisitaret
960 2111 1065 2171 fratres

266 2218 296 2267 24
307 2212 376 2251 suos
392 2191 467 2251 filios
482 2194 605 2252 Israhel.
649 2195 769 2252 Etcum
779 2192 902 2252 uidisset
910 2193 1064 2268 quendam

306 2271 443 2332 iniuriam
457 2275 629 2350 patientem,
647 2273 812 2333 uindicauit
825 2273 926 2334 illum:
949 2283 979 2332 et
995 2271 1065 2332 fecit

306 2352 451 2413 ultionem
466 2353 493 2413 ei
508 2354 559 2432 qui
574 2354 711 2414 iniuriam
730 2353 902 2426 sustinebat,
921 2372 1065 2431 percusso

266 2459 295 2508 25
307 2434 461 2511 Aegyptio.
506 2435 703 2496 Existimabat
713 2448 814 2495 autern
828 2433 1000 2512 intellegere
1011 2435 1064 2494 sra-

307 2528 373 2588 tres,
393 2516 535 2592 quoniam
552 2520 636 2577 Deus
656 2537 710 2595 per
726 2536 848 2575 manum
870 2514 962 2593 ipsius
980 2515 1065 2574 daret

267 2608 297 2658 26
308 2599 434 2656 salutem
456 2597 531 2658 illis:
554 2611 585 2659 at
605 2597 646 2657 illi
669 2618 732 2657 non
755 2596 971 2657 intellexerunt.
1015 2597 1065 2656 Se·

307 2677 411 2754 quenti
428 2698 501 2738 uero
522 2679 572 2739 die
590 2678 726 2756 apparuit
748 2676 804 2736 illis
822 2676 1014 2754 litigantibus,
1035 2687 1065 2736 et

306 2758 519 2820 reconciliabat
534 2778 586 2820 eos
601 2759 633 2818 in
647 2779 762 2837 pacem,
774 2757 897 2819 dicens:
919 2756 996 2830 Uiri,
1013 2759 1065 2816 sra-

267 2860 296 2913 ²7
308 2852 366 2900 tres
376 2839 454 2911 estis,
467 2851 500 2899 ut
510 2840 583 2917 quid
592 2839 706 2899 nocetis
717 2840 913 2898 alterutrum?
943 2837 1007 2913 Qui
1017 2857 1066 2897 au-

131 2959 153 2993 ¹⁴
170 2966 472 3020 cognationem÷suam
485 2960 537 3017 ΞΘ
603 2960 623 2992 ¹⁶
641 2960 745 3008 Sichem
755 2958 855 3015 §libis
904 2955 1066 3014 Hemorssli

99 3025 121 3061 ¹⁷
140 3035 167 3083 >
176 3035 262 3075 autem
274 3028 494 3090 appropinquaret
506 3025 558 3081 ΞΘ
607 3027 786 3087 promissionis
798 3023 850 3079 Μ
923 3021 945 3056 ¹⁸
964 3030 994 3082 >
1002 3025 1067 3073 alius

99 3108 146 3140 rex
158 3091 210 3148 ΞΘ
299 3092 320 3125 ¹⁹
335 3090 629 3150 patres÷nostroszli
711 3090 732 3123 ²¹
749 3089 855 3138 nutriuit
865 3088 919 3146 Μ
1002 3088 1024 3124 ’θ
1040 3089 1066 3136 in

94 3173 162 3220 pace
175 3156 227 3213 ΞΘ

558 3235 605 3300 296
