2250 3630
437 160 675 220 SECUNDUM
697 158 936 218 IOHANNEM

142 374 182 407 Ἥ
207 350 256 391 a
284 322 446 383 :aPatrem
477 313 680 376 Uosadoratis
689 315 771 390 quod
781 313 917 374 nescitis:
933 335 989 375 nos
998 317 1067 375 ado-

215 412 219 419 '
322 418 418 459 miuus
427 397 509 473 quod
523 394 640 467 scimus,
653 393 725 471 quia
739 397 817 454 salus
829 415 864 454 ex
877 395 997 455 Iudaeis
1013 414 1064 456 est.

171 468 264 557 J'j,
283 512 310 557 :J
321 482 380 543 Sed
394 476 473 537 uenit
487 479 561 534 hora
574 488 604 536 et
618 495 698 535 nunc
713 489 766 548 est,
783 478 906 552 quando
920 476 982 536 ueri
998 480 1067 537 ado

161 562 196 615 »ἓν
248 590 263 597 --
321 578 427 621 ratores
435 557 602 616 adorabunt
612 559 731 616 Patrem
740 556 771 616 in
781 556 885 633 spiritu
894 569 924 617 et
933 557 1064 618 ueritate.

320 645 397 705 Nam
411 656 440 697 et
454 640 540 696 Pater
554 640 628 698 tales
642 639 765 715 quaerit,
781 636 833 714 qui
847 640 973 698 adorent
987 659 1065 698 eum.

219 780 222 785 ,
283 756 309 795 :4
321 722 441 801 Spiritus
459 731 504 777 est
524 721 626 778 Deus:
648 732 679 779 et
698 739 759 791 eos,
775 717 827 795 qui
846 721 972 778 adorant
987 739 1069 790 eum«

157 792 194 875 J,
283 834 310 881 :5
321 804 351 861 in
359 799 460 889 spiritu
469 812 498 858 et
510 801 633 859 ueritate
643 811 761 877 oportet
772 801 903 860 adorare.
947 799 1028 860 Dicit
1040 800 1067 860 ei

174 916 178 925 ·
206 894 224 918 “
320 884 438 943 mulier:
460 881 529 940 Scio
548 880 619 957 quia
639 880 766 940 Messias
786 880 877 953 uenit,
893 879 945 957 qui
960 881 1068 940 dicitur

318 960 468 1027 t'hristus:
491 981 560 1020 cum
572 981 642 1039 ergo
654 961 776 1033 uenerit,
790 960 839 1020 ille
851 960 939 1020 nobis
952 963 1068 1020 adnun-

146 1100 223 1131 μ’,
238 1094 261 1121 e·
281 1076 307 1112 ῃ
319 1042 401 1107 tiabit
420 1042 528 1102 omnia.
572 1042 655 1102 Dicit
674 1042 701 1102 ei
721 1045 821 1102 Iesus:
844 1044 911 1120 Ego
924 1062 999 1114 sum,
1015 1043 1068 1119 qui

160 1138 184 1181 tt·
204 1128 263 1199 ’ἡ
319 1130 423 1201 loquor
437 1136 544 1184 tecum.

170 1194 196 1231 '¹¹
210 1190 228 1217 '⁸
243 1196 265 1225 '⁸
280 1234 308 1281 ς
358 1208 397 1264 Et
407 1204 551 1264 continuo
561 1218 708 1265 uenerunt
718 1204 855 1282 discipuli
870 1203 951 1264 eius:
970 1216 1002 1264 et
1015 1204 1069 1263 mi-

316 1288 454 1349 rabantur
465 1287 534 1362 quia
542 1306 612 1345 cum
622 1286 744 1346 muliere
753 1285 939 1363 loquebatur.
965 1287 1068 1345 Nemo

315 1386 414 1431 tamen
429 1365 518 1426 dixit:
542 1366 625 1441 Quid
639 1369 765 1443 quaeris,
780 1379 832 1426 aut
848 1365 923 1444 quid
937 1365 1068 1443 loqueris

277 1468 306 1515 a<
314 1469 384 1511 cum
395 1449 452 1506 ea?
479 1446 614 1524 Reliquit
627 1467 697 1525 ergo
708 1449 844 1524 hydriam
855 1467 940 1507 suam
951 1446 1066 1521 mulier,

314 1544 345 1591 et
358 1527 431 1588 abiit
449 1527 480 1585 in
495 1527 655 1600 ciuitatem,
668 1540 699 1588 et
712 1527 786 1588 dicit
800 1526 857 1588 illis
872 1526 1064 1588 hominibus:

277 1642 307 1685 ,η
316 1607 434 1677 Uenite‚
445 1610 546 1667 uidete
557 1607 719 1683 hominem,
733 1608 784 1686 qui
796 1608 870 1669 dixit
881 1610 953 1668 mihi
963 1608 1067 1668 omnia

275 1760 306 1811 p
314 1709 520 1829 quaecumtgue
532 1688 587 1748 feci
599 1712 605 1749 :
620 1689 769 1767 numquid
780 1689 844 1830 igme
853 1689 1067 1830 esthrisnis?

331 1770 456 1830 'xierunt
489 1768 635 1830 eciuitate
654 1783 684 1829 et
695 1772 783 1830 uenie
805 1782 885 1830 anta
915 1789 994 1831 eum.
1036 1792 1067 1829 n·

274 1842 301 1893 ⁵¹
314 1776 393 1913 ῐξῐεα
401 1850 545 1926 rogabant
553 1871 622 1910 eum
631 1815 778 1928 discipuli,
789 1851 934 1912 dicentes:
954 1850 1064 1923 Rabbi,

273 1933 469 2011 52manduca.
513 1933 568 1991 Ille
587 1948 688 1991 autem
708 1932 782 1992 dixit
801 1932 860 1992 eis:
883 1935 949 2008 Ego
963 1931 1065 1993 cibum

273 2040 304 2091 33
313 2012 410 2073 habeo
420 2014 608 2084 manducare,
619 2033 710 2088 quem
722 2034 777 2072 uos
786 2033 848 2072 non
857 2012 946 2073 scitis,
979 2012 1067 2073 Dice-

313 2094 387 2155 bant
398 2112 467 2168 ergo
478 2092 616 2169 discipuli
627 2096 667 2153 ad
678 2093 807 2152 inuicem
818 2113 825 2152 ε
849 2094 1004 2170 Numquid
1015 2094 1066 2153 ali-

210 2212 263 2257 ,ἢ
275 2172 382 2251 34quis
396 2172 493 2231 attulit
508 2172 536 2232 ei
551 2177 754 2234 manducare?
795 2172 878 2233 Dicit
897 2173 939 2233 eis
960 2176 1063 2235 Iesus:

177 2247 262 2319 'in
315 2256 404 2313 Meus
419 2252 504 2312 cibus
519 2267 563 2314 est
574 2267 607 2314 ut
618 2254 725 2315 faciam
737 2257 922 2315 uoluntatem
934 2256 998 2314 eius
1013 2255 1066 2332 qui

184 2324 262 2425 Ἓξ
273 2362 303 2413 35
314 2333 394 2394 misit
406 2354 469 2393 me:
493 2348 525 2394 ut
537 2336 687 2412 perficiam
697 2356 773 2412 opus
784 2335 856 2396 eiua
887 2336 998 2395 Nonne
1010 2357 1066 2395 uos

170 2396 261 2489 213.
313 2414 419 2486 dicitis,
436 2418 518 2492 quod
533 2418 632 2476 adhuc
646 2428 786 2494 quattuor
804 2436 922 2475 menses
937 2428 1015 2488 sunt,
1036 2430 1066 2476 et

168 2491 261 2543 μ’
312 2494 416 2555 messis
432 2499 535 2555 uenit?
572 2500 651 2557 Ecce
665 2499 736 2557 dico
746 2498 850 2556 uobis:
872 2499 985 2556 Leuate
996 2517 1066 2557 ocu-

312 2579 357 2635 los
372 2588 484 2636 uestros
498 2590 527 2636 et
540 2577 639 2637 uidete
649 2580 795 2655 tegioneS‚
811 2577 880 2654 quia
894 2577 980 2637 albae
995 2591 1066 2637 sunt

271 2668 302 2733 ³⁶
313 2659 372 2715 iam
386 2659 425 2716 ad
440 2679 577 2717 messem.
614 2661 653 2718 Et
664 2661 715 2735 qui
730 2657 824 2730 metit,
834 2660 1005 2717 mercedem
1019 2680 1065 2718 ac·

312 2736 391 2813 cipit,
402 2751 432 2797 et
441 2751 599 2815 congregat
608 2741 736 2799 fructum
746 2740 776 2799 in
786 2739 879 2799 uitam
893 2752 1047 2798 aeternam
1059 2764 1064 2798 :

312 2831 345 2876 ut
360 2830 390 2877 et
400 2819 450 2895 qui
465 2819 592 2879 seminat
604 2820 692 2878 simul
706 2822 842 2895 gaudeat,
859 2833 889 2878 et
903 2818 955 2895 qui
969 2820 1063 2880 metit.

177 2932 261 2995 *a*
272 2920 302 2975 3?
315 2901 352 2957 In
364 2901 421 2958 hoc
431 2900 511 2959 enim
524 2914 568 2959 est
580 2902 705 2961 uerbum
715 2920 835 2961 uerum:
856 2898 925 2976 quia
934 2899 1011 2960 alius
1021 2918 1065 2960 est

82 3022 93 3119 ἒ
210 3064 454 3145 μνεηοῑίῐίηο,
470 3063 608 3120 ῃοῢῐεῇἔῖ
653 3065 673 3097 ²⁹
690 3063 910 3129 uonito÷et5QI
952 3064 974 3096 ³⁰
991 3070 1064 3115 exie·

80 3152 95 3185 ς
170 3102 330 3233 *2435OE
396 3129 416 3160 ³²
433 3130 495 3177 dicit
506 3129 558 3185 ΞΘ
608 3134 772 3180 nonsoitia:
791 3129 962 3185 nescitisffi

559 3223 607 3272 224
