2250 3630
104 156 132 214 2.
151 166 234 230 18-27
449 155 587 219 Acrus
609 157 931 220 APOSTOLORUM

353 314 505 374 effundam
519 315 559 373 de
573 313 683 392 Spiritu
694 335 763 375 meo
777 335 864 393 super
879 335 1000 375 omnem
1012 335 1072 375 car·

393 415 482 455 nem:

352 487 382 534 et
397 476 623 567 prophetabunt
632 475 685 534 filii
696 475 793 549 uestri,
806 488 835 535 et
847 476 924 536 filiae
935 489 1072 538 uestrae:

353 569 384 616 et
397 555 521 616 iuuenes
536 555 626 616 uestri
641 555 771 615 uisiones
786 555 952 619 uidebunt:

354 649 384 697 et
398 637 528 697 seniores
543 636 633 696 uestri
647 635 763 696 somnia
778 638 970 698 somniabunt
984 663 990 699 :

356 729 386 776 et
397 717 519 794 quidem
533 737 621 794 super
635 737 738 776 seruos
753 738 836 777 meos
850 731 879 777 et
894 740 982 797 super
989 740 1040 779 an·

396 797 480 858 cillas
494 818 575 857 meas
591 797 621 856 in
637 797 744 858 diebus
759 798 825 872 illis,

354 881 506 938 effundam
520 880 559 938 de
573 878 684 955 Spiritu
695 900 772 952 meo,
784 893 814 940 et
828 882 1060 958 prophetabunt.

274 983 304 1034 19
356 961 396 1018 Et
410 959 491 1019 dabo
505 958 640 1036 prodigia
654 959 686 1018 in
700 963 784 1021 caelo
799 981 923 1035 sursum,

391 1052 422 1100 et
432 1039 516 1118 signa
529 1040 561 1099 in
575 1053 652 1099 terra
666 1042 807 1100 deorsum
821 1065 827 1102 :

354 1121 531 1198 sanguinem
545 1134 575 1180 et
590 1120 699 1197 ignem,
716 1133 745 1180 et
760 1142 903 1198 uaporem
918 1123 1010 1184 fumi:

272 1227 303 1260 20
352 1205 397 1262 sol
411 1213 600 1262 conuertetur
614 1200 646 1260 in
661 1203 807 1276 tenebraS,

393 1296 423 1342 et
437 1282 529 1341 luna
522 1302 553 1340 m
568 1281 764 1373 sanguinem:

354 1375 424 1423 ante
446 1383 537 1440 quam
555 1362 661 1422 ueniet
674 1361 741 1422 dies
756 1363 882 1423 Domini
901 1385 1028 1474 magnus
1042 1380 1072 1425 et

262 1504 264 1509 ,
394 1444 577 1505 manifestus

112 1534 174 1574 Rom·
185 1535 216 1575 10·
228 1550 257 1586 13
274 1549 302 1582 21
356 1527 395 1583 Et
413 1525 474 1598 erit,
494 1524 591 1583 omnis
614 1523 797 1617 quicumque
815 1525 999 1586 inuocauerit
1020 1547 1072 1587 no·

397 1625 466 1664 men
482 1605 615 1677 Domini,
633 1607 733 1664 saluus
748 1606 810 1666 erit

132 1695 170 1736 Le
181 1695 212 1736 44
224 1710 255 1747 19
272 1711 300 1743 υ
317 1685 384 1746 Uiri
403 1686 581 1759 Israhelitae,
604 1685 707 1746 audite
727 1689 819 1747 uerba
843 1689 936 1748 haec:
970 1690 1071 1748 Iesum

313 1768 508 1840 Nazarenum,
523 1766 621 1826 uirum
640 1768 841 1858 adprobatum
855 1789 874 1827 a
888 1768 978 1828 Deo
971 1789 1003 1827 m
1018 1789 1071 1828 uo-

311 1847 367 1921 bis,
376 1847 543 1921 uirtutibus,
556 1859 586 1907 et
596 1846 748 1925 prodigiis,
761 1860 791 1907 et
805 1847 904 1924 signis,
915 1869 992 1926 quae
1001 1849 1071 1909 fecit

311 1949 363 2006 per
377 1928 459 1988 illum
476 1928 581 1988 Deus
573 1949 605 1987 1n
621 1927 723 1988 medio
740 1928 839 2001 uestri,
855 1928 931 1988 sicut
945 1950 1002 1991 uos
1018 1930 1071 1990 sci-

133 2023 180 2061 Aet.
190 2021 209 2061 4.
221 2025 252 2063 28
272 2035 284 2068 2
288 2034 302 2080 3
313 2010 370 2072 tis:
391 2012 472 2070 hunc
481 2009 605 2069 definito
617 2008 753 2082 consilio
766 2021 795 2068 et
806 2009 1001 2087 praescientia
1012 2011 1071 2071 Dei

115 2072 185 2172 ᾏξξξ
193 2072 254 2164 ¹13²}
312 2090 452 2181 traditum
467 2110 519 2168 per
534 2110 640 2149 manus
655 2089 827 2182 iniquorum
844 2092 1033 2168 adfigentes
1025 2113 1069 2151 1n-

270 2197 301 2245 ²4
311 2171 442 2231 teremist
444 2170 487 2231 is:
509 2191 599 2248 quem
616 2173 701 2230 Deus
716 2170 877 2244 suscitauit‚
894 2170 1001 2232 solutis
1019 2175 1069 2234 do·

310 2251 422 2312 loribus
450 2251 565 2324 insemi,
591 2251 673 2311 iuxta
698 2253 781 2328 quod
797 2251 981 2345 inpossibile
1009 2266 1069 2313 erat

134 2348 169 2388 Ps
180 2347 204 2387 15
213 2347 250 2398 (e
234 2352 298 2404 25
310 2345 403 2392 tenen
417 2331 502 2391 illum
516 2334 555 2392 ab
566 2353 612 2392 eo
644 2332 747 2392 Daurd
756 2353 836 2391 enim
851 2331 946 2393 dicit
939 2354 1068 2395 meum:

193 2401 217 2438 ⁸
206 2414 250 2438 ¹¹
349 2412 550 2473 Prouidebam
566 2413 734 2473 Dominum
748 2433 850 2473 coram
864 2435 914 2474 me
929 2435 1054 2492 semper,

348 2493 637 2570 quoniamadextris
647 2493 721 2553 meis
732 2507 785 2567 est,
799 2515 837 2554 ne
851 2515 1055 2557 commoueat.

268 2588 299 2636 26
350 2578 475 2652 Propter
488 2577 548 2635 hoc
563 2578 704 2635 laetatum
719 2587 763 2634 est
777 2596 829 2635 cor
844 2595 965 2648 meum:
999 2607 1004 2614 ·

348 2669 378 2716 et
392 2656 535 2717 exultauit
550 2656 652 2734 lingua
666 2675 752 2717 mea:

345 2737 467 2815 insuper
481 2749 512 2797 et
525 2758 595 2797 caro
610 2756 676 2796 mea
690 2735 854 2812 requiescet
869 2736 899 2796 in
916 2757 977 2813 spe.

177 2831 295 2892 13-35·27
349 2818 503 2910 Quoniam
525 2839 589 2879 non
610 2815 797 2893 derelinques
816 2817 948 2876 animam
971 2839 1065 2877 meam

388 2899 420 2958 in
434 2898 572 2960 infernO.

131 3007 153 3040 44
174 3009 311 3071 >Deusp
312 3024 342 3056 er
353 3009 423 3056 rllum
436 3007 489 3062 Μ
566 3005 765 3059 siout÷etM
858 3005 879 3036 ²³
896 3010 1065 3064 adfigentes:

98 3074 244 3133 affligentes
256 3075 308 3129 Μ
396 3073 417 3106 44
433 3088 525 3123 norom
537 3088 599 3122 mo.
616 3087 643 3118 m
656 3078 795 3132 conspectu
807 3087 864 3119 meo
877 3069 931 3125 Sti
998 3074 1065 3122 meis

97 3147 160 3188 est:
180 3147 207 3193 >
217 3148 256 3188 est
269 3140 329 3186 mihi
341 3139 394 3194 M

560 3218 604 3265 282
