2250 3630
82 151 130 210 26.
146 151 296 211 22-27.2
421 150 560 212 ACTUS
582 151 904 213 APOSTOLORUM

252 333 280 367 22
292 309 543 385 comprehensum
554 308 721 368 temtabant
729 307 904 368 interficere.
927 309 1050 368 Auxilio

291 401 393 448 autem
406 389 527 449 adiutus
543 392 601 449 Dei
611 410 707 466 usque
718 391 749 449 in
761 390 940 450 hodiernum
955 390 1047 463 diem,

292 481 339 529 sto
350 469 513 531 testificans
523 470 632 531 minori
646 484 737 548 atque
752 473 864 542 maiori,
878 470 953 530 nihil
968 484 1050 531 extra

84 568 232 618 Lc.ai.25,45.
291 551 395 611 dicens
414 571 504 628 quarn
527 573 563 611 ea
584 572 662 629 quae
681 553 844 628 prophetae
865 563 935 610 sunt
956 553 1049 612 locuti

85 618 152 659 ¹0⁰¹·
161 619 191 660 ¹⁵·
202 634 233 668 ²⁰²
250 658 280 704 23
291 635 389 692 lutura
403 652 468 692 esse
479 645 509 692 et
526 635 646 693 Moses:
668 632 693 693 si
704 631 851 710 passibilis
866 633 1014 705 Christus,
1025 635 1050 693 Si

115 718 162 760 Col·
173 720 190 761 1·
201 685 232 761 32
291 715 404 788 primus
428 733 464 774 ex
488 713 704 774 resurrectione
733 726 918 773 mortuorum
944 716 1050 774 lumen

290 794 519 854 adnuntiaturus
535 809 579 855 est
594 797 715 873 populo,
728 807 758 855 et
772 796 920 872 gentibus.

250 901 282 949 24
333 877 422 936 Haec
450 878 593 952 loquente
613 896 652 936 eo
672 889 703 937 et
722 874 870 935 rationem
890 878 1047 951 reddente,

292 958 398 1016 Festus
407 977 514 1033 magna
524 977 600 1017 uoce
611 956 699 1018 dixit:
718 955 836 1016 Insanis
848 959 954 1018 Paule:
976 962 1050 1018 mul-

250 1049 340 1110 25tae
360 1049 391 1099 te
412 1037 527 1098 litterae
547 1039 586 1097 ad
605 1037 753 1097 insaniam
767 1050 962 1113 conuertunt.
1008 1044 1049 1100 At

292 1121 419 1179 Paulus:
442 1121 514 1178 Non
535 1118 661 1191 insanio,
685 1116 790 1196 inquit,
812 1121 928 1195 optime
941 1123 1065 1194 Fene„

249 1210 279 1258 26
291 1200 344 1259 sed
354 1199 485 1260 ueritatis
497 1211 527 1259 et
535 1199 702 1260 sobrietatis
712 1198 805 1261 uerba
815 1203 948 1276 eloquor.
986 1200 1066 1262 Scit<

290 1280 372 1339 eninr
383 1282 422 1340 de
433 1280 481 1341 his
488 1301 546 1353 rex,
558 1283 597 1341 ad
607 1300 697 1356 quem
708 1292 738 1340 et
749 1293 921 1340 constanter
929 1284 1047 1359 loquor:

290 1362 381 1421 latere
394 1361 556 1421 enimcum
571 1360 645 1420 nihil
660 1363 767 1421 horuni
782 1360 924 1422 arbitror:
945 1384 1048 1441 neque

289 1442 370 1500 enim
386 1443 417 1500 in
427 1444 538 1518 angulo
553 1441 716 1518 quicquam
735 1444 843 1500 horum
857 1455 976 1519 gestum
992 1457 1047 1504 est.

251 1547 280 1595 27
290 1522 404 1596 Credis,
411 1543 461 1582 rex
466 1523 606 1600 Agrippa,
611 1524 779 1601 prophetis?
790 1523 1046 1599 Scioquiacredis

159 1625 189 1666 11.
199 1627 231 1666 2⁶.
249 1616 278 1662 28
290 1604 421 1681 Agrippa
430 1617 530 1664 autem
539 1605 579 1663 ad
589 1606 716 1663 Paulum
729 1628 736 1664 :
760 1606 796 1663 In
806 1607 929 1665 modico
938 1607 1048 1666 suades

95 1689 104 1713 ¹
116 1674 160 1715 Pe‘·
170 1677 189 1716 4·
201 1678 230 1716 ¹⁶·
248 1710 278 1760 29
290 1703 339 1744 me
348 1684 551 1745 Christianum
563 1684 633 1745 fieri.
672 1688 712 1744 Et
724 1687 851 1746 Paulus:
871 1687 955 1764 Opto
964 1690 1048 1764 apud

291 1768 400 1837 Deum,
413 1767 485 1825 etin
496 1766 618 1826 modico
633 1766 706 1827 etin
718 1787 836 1843 magno,
853 1787 915 1828 non
927 1779 1047 1828 tantum

289 1859 327 1918 te,
343 1848 398 1907 sed
416 1860 446 1906 et
466 1867 571 1907 omnes
592 1849 648 1908 hos
661 1847 714 1926 qui
735 1847 862 1908 audiunt
876 1849 970 1910 hodie
983 1852 1048 1910 lieri

289 1928 362 1987 tales
377 1930 472 2004 qualis
487 1939 517 1988 et
532 1949 588 2006 ego
604 1949 680 2003 sum,
697 1929 829 2005 exceptis
843 1930 974 1990 uinculis
989 1933 1045 1990 his.

247 2033 280 2078 30
332 2011 371 2068 Et
390 2009 549 2069 exsurrexit
563 2031 614 2069 rex
631 2023 661 2070 et
681 2031 808 2088 praeses,
825 2023 854 2070 et
875 2011 1003 2071 Bernice
1017 2026 1047 2072 et

247 2114 275 2160 31
289 2090 340 2167 qui
349 2089 528 2149 adsidebant
537 2090 587 2150 eis
607 2093 725 2151 Etcum
735 2091 934 2164 secessissent,
946 2094 1048 2169 loque-

289 2171 398 2229 bantur
405 2172 444 2230 ad
454 2171 595 2244 inuicem,
605 2171 753 2232 dicentes:
777 2175 857 2248 Quia
865 2171 940 2230 nihil
951 2187 1047 2233 morte

287 2263 339 2309 aut
365 2251 491 2310 uinculis
517 2255 642 2329 dignuin
668 2253 743 2328 quid
767 2254 838 2313 fecit
862 2255 957 2312 homo
980 2256 1046 2314 iste.

79 2343 228 2396 as.11‚12,25.
248 2356 278 2402 3²
289 2332 420 2408 Agrippa
439 2346 540 2392 autern
561 2336 651 2394 Festo
672 2335 765 2394 dixit:
789 2333 909 2393 Dimitti
927 2346 1046 2412 poterat

287 2414 380 2471 homo
395 2413 451 2484 hic,
468 2413 492 2473 si
508 2434 571 2473 non
586 2417 766 2491 appellasset
782 2415 952 2475 Caesarem.

236 2488 284 2552 27
328 2495 372 2553 Ut
393 2506 493 2552 autem
514 2495 678 2554 iudicatum
699 2507 743 2554 est
763 2515 833 2555 euni
854 2499 996 2574 nauigare
1015 2499 1045 2555 in

288 2572 413 2645 Italiam,
430 2587 459 2635 et
479 2578 554 2636 tradi
576 2578 703 2635 Paulum
723 2596 793 2635 cunr
813 2575 935 2652 reliquis
949 2590 1047 2636 custo

287 2654 344 2715 diis
362 2656 527 2715 centurioni
547 2658 670 2716 nomine
691 2658 778 2729 Iulio,
794 2656 925 2716 cohortis
946 2661 1046 2736 Augu·

266 2748 358 2808 2stae‚
382 2738 579 2796 ascendentes
599 2748 699 2796 autem
721 2758 830 2797 nauem
852 2738 1045 2799 Hadrumeti·

288 2837 357 2875 narn
380 2817 572 2895 incipientem
595 2817 735 2894 nauigare
756 2817 834 2877 circa
855 2817 948 2878 Asiae
969 2821 1043 2890 loca,

110 2936 132 2968 ²²
151 2939 267 2991 >locuti
281 2948 340 2987 sunt
353 2938 405 2994 Μ
478 2939 500 2970 ²⁶
517 2944 573 2989 Ar:
592 2939 691 2995 Etssdlj
732 2941 822 3002 loquor
833 2939 886 2996 Μ
959 2941 1046 2993 ”sed

77 3010 106 3051 et
118 3018 214 3052 omnes
225 3009 294 3053 hos:
312 3006 357 3052 sed
370 3005 448 3052 etiam
461 3021 551 3054 omnes
564 3008 572 3051 l
576 3022 626 3056 om.
638 3007 702 3065 hos)
715 3005 767 3061 Μ
844 3007 885 3053 27.
904 3005 914 3038 ¹
936 3016 966 3065 >
976 3010 1044 3057 naui-

76 3084 139 3129 gare
152 3085 208 3116 eum
223 3068 275 3125 56
353 3069 428 3119 ²om.
443 3079 537 3121 autem
551 3070 604 3126 Μ
660 3072 855 3120 Adrumetinam
866 3070 940 3129 ὄπ’
985 3074 1045 3123 inci·

70 3134 179 3196 pientes
191 3133 242 3189 §iffi

539 3216 585 3278 3⁵6
