2250 3630
216 186 461 246 PRAEFATIO
483 187 543 243 AD
568 183 804 246 LECTOREM

83 337 209 414 propriis
230 349 296 412 etc,
318 339 422 398 litteris
443 336 620 415 capitalibus
642 338 686 397 usi
709 359 812 399 sumus
823 361 832 413 ;
855 344 941 417 quod

84 434 355 510 interpunctionem
379 435 541 494 uerborum
562 437 601 494 ad
623 454 769 509 normam,
791 448 940 513 quantum

83 531 145 588 fieri
160 531 265 607 potuit,
282 531 466 592 diuisionum
480 531 513 590 in
527 543 610 592 textu
624 534 778 593 Antiatino
792 535 940 596 adhibita-

82 648 148 690 rum
160 628 357 703 .addidimus;
377 632 462 708 quod
481 632 610 710 eandem
631 634 881 710 paragraphorum
897 635 940 694 di-

84 725 230 786 uisionem
253 745 343 803 quam
367 726 398 786 in
422 727 587 788 Reuisione
608 728 743 806 Anglica,
766 748 833 791 nn.
861 734 936 792 1881

82 825 170 899 edita,
194 827 330 886 inuenies
349 827 442 887 secuti
462 848 565 887 sumus
576 850 585 901 ;
605 830 688 905 quod
711 828 861 889 interdum
881 831 939 891 dis-

81 922 246 1000 crepantias
256 924 497 1003 orthographicas
506 944 584 1001 quae
593 924 623 983 in
632 924 795 986 editionem
805 940 939 988 nostram

82 1023 225 1080 maiorem
254 1021 431 1098 irrepserant
459 1022 652 1098 sustulimus;
687 1024 819 1101 denique
853 1028 939 1102 quod

82 1120 193 1178 menda
212 1118 285 1194 preli
305 1139 401 1196 pauca
421 1120 611 1180 correximus.
655 1121 764 1198 Capita
783 1132 813 1182 et
833 1142 938 1184 uersus

81 1217 189 1276 eodem
205 1217 298 1275 modo
312 1217 501 1278 distinximus
517 1238 578 1296 quo
596 1218 749 1278 Robertus
765 1221 937 1297 Stephanus

80 1312 110 1370 in
119 1331 174 1372 sua
183 1312 350 1374 Bibliorum
364 1315 537 1375 Latinorum
550 1315 683 1376 editione
695 1337 772 1394 quae
782 1336 843 1377 nn.
858 1339 870 1377 1
877 1337 893 1395 5
897 1337 913 1396 5
918 1338 935 1396 5

79 1410 110 1472 in
131 1412 230 1472 lucem
249 1411 367 1489 prodiit.
411 1412 565 1473 Sectiones
584 1432 776 1489 canonesque
795 1416 936 1475 Eusebia-

79 1526 135 1569 nos
151 1511 319 1570 secundum
334 1509 499 1571 editionem
513 1523 681 1569 accuratam
698 1511 752 1570 uiri
768 1511 934 1572 doctissimi

79 1606 246 1668 Eberhardi
261 1607 386 1668 Nestle¹
401 1606 617 1684 imprimendos
636 1608 814 1668 curauimus.
859 1609 933 1668 Scri·
1007 1669 1011 1677 ,

77 1715 182 1781 pturae
197 1724 299 1765 sacrae
312 1706 395 1764 locos
406 1706 561 1782 parallelos
571 1707 696 1765 selectos
707 1705 831 1784 margini
843 1708 936 1784 adpo

77 1801 191 1862 suimus
213 1803 310 1862 exeis
330 1822 408 1879 quos
427 1801 460 1861 in
482 1803 574 1862 Nouo
588 1805 784 1864 Testamento
805 1805 935 1882 Anglico

77 1898 156 1960 notis
180 1899 392 1977 marginalibus
412 1899 530 1977 plenius
544 1899 708 1960 instructo²
722 1922 819 1980 nuper
834 1902 932 1964 edidit

77 1999 196 2058 Prelum
203 1995 479 2059 Clarendonianum
488 2018 494 2068 ;
503 2009 548 2056 est
558 1998 716 2058 tamenubi
725 2010 755 2059 et
768 2000 933 2061 editionem

78 2094 280 2157 Nestelianam
290 2094 491 2168 contulimus;
505 2114 593 2171 porro
601 2095 676 2156 alios
684 2099 768 2158 locos
776 2099 933 2175 parallelos

77 2192 194 2254 addidit
208 2192 305 2253 editor
320 2191 345 2253 si
359 2193 483 2270 quando
500 2211 609 2271 operae
629 2194 756 2272 pretium
772 2214 837 2254 esse
851 2195 932 2256 uide-

76 2290 171 2362 batur,
201 2309 329 2366 quorum
359 2291 511 2350 delectum
548 2290 837 2369 dispositionemque
865 2295 930 2353 siue

75 2400 156 2450 recte
169 2385 233 2447 siue
247 2407 402 2465 perperam
422 2389 530 2448 factam
551 2389 608 2449 sibi
623 2389 675 2449 uni
690 2391 831 2470 lectorem
848 2401 932 2468 rogat

76 2486 256 2569 utrimputet

76 2599 206 2661 Codices
231 2617 308 2675 quos
329 2597 359 2657 in
382 2601 474 2658 Nouo
495 2603 691 2660 Testamento
716 2599 874 2659 citauimus
899 2601 931 2658 hi

157 2708 284 2756 suntz-
327 2750 328 2754 ,

107 2825 117 2856 ¹
130 2824 231 2873 Novum
239 2824 432 2874 Testamentum
441 2825 542 2875 Graece
550 2835 577 2875 et
585 2827 676 2875 Latine
684 2827 781 2874 curavit
789 2825 931 2875 E.Nestle=

74 2902 153 2950 editio
168 2903 246 2951 tertia
263 2903 402 2965 recognita.
437 2903 582 2965 stuttgart:
600 2903 770 2964 Priviligierte
788 2903 932 2951 thrttem-

74 2979 212 3041 bergische
224 2979 402 3043 Bibelanstatt,
418 2996 489 3043 1910.

106 3057 117 3089 ²
134 3056 189 3106 The
208 3057 274 3106 New
290 3057 440 3107 Testament
458 3059 484 3106 in
503 3059 548 3105 the
565 3057 678 3105 Revised
693 3055 804 3108 version
820 3057 849 3105 os
865 3059 927 3105 1881

72 3135 137 3186 with
148 3134 224 3185 fuller
235 3135 388 3186 references.
421 3136 538 3186 Oxford:
558 3133 709 3196 University
722 3133 808 3194 Press,
823 3150 893 3197 1910.

488 3212 518 3273 vi
