2458 3726
139 216 167 274 9.
180 225 251 288 '6-17
278 257 281 260 -
469 213 712 275 SECUNDUM
735 212 990 272 MATTHEUM

319 367 488 429 oambula?
530 370 574 428 Ut
596 366 696 427 sciatis
716 378 818 427 autem
840 365 985 444 quoniam
1007 365 1102 426 Filius

346 448 476 509 hominis
491 449 583 509 habet
598 459 777 526 potestatem
793 447 823 507 in
838 459 914 507 terra
928 446 1103 508 dimittendi

345 543 478 608 peccata,
497 542 570 590 tunc
583 529 624 589 ait
639 531 817 607 paralytico:
839 531 932 605 Surge
953 530 1023 588 tolle
1045 529 1104 589 lec-

320 631 333 684 ς
345 625 409 671 turn
420 623 512 684 tuum,
520 623 550 671 et
561 613 638 672 uade
650 609 681 669 in
690 612 911 670 domumtuam.
929 611 968 669 Et
977 609 1103 670 surrexit

320 705 334 752 8
344 704 375 753 et
385 691 459 752 abiit
470 691 501 750 in
512 694 638 752 domum
650 710 746 751 suam.
769 691 919 751 Uidentes
930 701 1032 750 autern
1043 701 1102 750 tur·
1128 719 1137 736 ·

348 774 406 834 bae
421 772 603 834 timuerunt:
623 784 654 833 et
671 771 910 848 glorificauerunt
929 773 1028 832 Deum
1049 773 1102 849 qui

329 853 433 914 dedit
448 866 625 944 potestatem
640 855 730 912 talem
745 851 926 912 hominibus.
1021 867 1023 876 ’

190 956 241 998 a-rr
325 961 341 1011 9
391 937 430 994 Et
445 954 514 994 curn
524 934 658 994 transiret
670 933 741 993 inde
753 934 846 1006 Iesus,
859 931 934 996 uidit
945 932 1136 994 hominem
1117 932 1142 968 ⁷¹

138 1007 266 1112 {⁴55²}ss
263 1023 293 1100 ’ξ
351 1014 532 1076 sedentem
524 1033 554 1074 rn
576 1016 696 1074 teloneo
716 1015 887 1073 Mattheum
908 1013 1051 1074 nomine:
1071 1005 1137 1074 et²

348 1109 389 1156 art
399 1097 440 1155 rllr
450 1098 579 1173 Sequere
588 1113 644 1154 me
665 1097 703 1153 Et
713 1105 963 1170 surgensseeutus
972 1107 1101 1154 esteum

307 1203 337 1238 ιο
392 1180 432 1237 Et
449 1179 560 1237 factum
581 1187 634 1248 est,
657 1176 866 1235 discumbente
887 1194 924 1235 eo
945 1174 977 1234 in
998 1176 1144 1250 domo
1118 1175 1144 1212 ⁷²

347 1277 418 1320 ecce
433 1257 518 1317 multi
534 1256 685 1334 publicani
701 1267 731 1315 et
751 1267 923 1333 peccatores
944 1246 1137 1316 uenientes²

306 1365 332 1400 ιι
350 1338 580 1400 discumbebant
594 1356 663 1396 cunr
675 1339 745 1396 Iesu
757 1348 786 1396 et
801 1336 991 1428 discipulis
965 1355 1037 1396 erus.
1062 1339 1102 1398 Et

347 1421 484 1480 uidentes
506 1417 656 1477 Pharisaei
678 1416 820 1478 dicebant
841 1415 995 1494 discipulis
1017 1416 1102 1478 eius:

348 1503 449 1576 Quare
460 1519 529 1559 cum
541 1498 709 1576 publicanis
720 1509 751 1558 et
760 1497 967 1576 peccatoribus
977 1500 1144 1604 mandu-⁷3

306 1607 334 1640 12
350 1593 398 1640 cat
418 1579 557 1657 magister
577 1583 696 1640 uester?
737 1581 777 1638 At
796 1582 881 1638 lesus
900 1577 1026 1639 audiens
1039 1568 1142 1638 ait:⁷-

349 1664 421 1721 Non
441 1672 487 1721 est
508 1680 585 1737 opus
606 1659 775 1720 ualentibus
796 1660 924 1733 medico,
947 1661 1001 1720 sed
1023 1568 1144 1719 male²3

196 1758 290 1854 0⁵¹3}
309 1768 337 1816 ¹³
350 1736 1103 1883 llblllla„lllltitillabitlli

345 1904 426 1965 eninr
442 1903 512 1964 ueni
527 1923 635 1964 uocare
650 1902 743 1962 iustos
758 1905 812 1962 sed
827 1913 1006 1980 peccatores

305 2012 333 2060 14
385 1988 669 2046 Tuncaccesserunt
678 1985 717 2044 ad
726 2003 796 2044 eurn
805 1983 943 2061 drscrpulr
954 1982 1101 2044 Iohannis

345 2067 499 2128 dicentes:
523 2068 623 2142 Quare
637 2084 693 2124 nos
712 2075 741 2124 et
762 2063 912 2124 Pharisaei
932 2063 1100 2124 ieiunemus

349 2151 526 2226 frequentes·
542 2144 680 2223 discipuli
694 2157 795 2205 autern
811 2145 853 2205 tui
868 2165 929 2204 non
944 2144 1102 2204 ieiunant?

176 2242 251 2286 roua
261 2257 292 2298 ες.
310 2254 338 2302 15
349 2231 388 2288 Et
402 2227 443 2288 ait
458 2227 515 2287 illis
527 2229 629 2288 Iesus:
650 2226 807 2302 Numquid
817 2238 941 2302 possunt
951 2226 1003 2285 filii
1013 2245 1102 2304 spon-

348 2308 373 2368 si
388 2310 488 2386 lugere
502 2307 646 2386 quamdiu
662 2327 732 2367 cunr
743 2306 800 2366 illis
810 2318 856 2368 est
866 2327 993 2383 sponsus
1005 2309 1019 2367 Ρ
1039 2308 1102 2368 Ue·

347 2392 430 2450 nient
438 2401 539 2450 autem
549 2388 613 2450 dies
623 2409 691 2448 curn
704 2389 852 2448 auferetur
860 2388 899 2447 ab
908 2387 951 2448 eis
958 2407 1099 2464 sponsus,

308 2482 378 2531 16et
399 2481 471 2530 tunc
493 2470 676 2531 ieiunabunt.
729 2471 830 2530 Nemo
852 2483 952 2529 autem
976 2467 1101 2528 inmittit

345 2553 571 2611 commissuram
584 2550 675 2629 panni
689 2550 771 2611 rudis
783 2550 812 2610 in
824 2552 1037 2611 uestimentum
1050 2569 1101 2609 ue

346 2646 414 2692 tus:
436 2633 513 2692 tollit
535 2631 615 2692 enim
639 2631 856 2708 plenitudinem
882 2630 946 2691 eius
970 2650 988 2690 a
1011 2629 1101 2690 uesti-

306 2735 334 2788 17
346 2724 457 2786 mento,
474 2723 504 2773 et
519 2712 602 2790 peior
616 2712 743 2772 scissura
763 2714 803 2772 fit.
845 2714 954 2788 Neque
975 2710 1101 2771 mittunt

345 2797 450 2854 uinum
461 2814 576 2854 nouum
588 2793 619 2852 in
631 2807 710 2854 utres
721 2806 837 2853 ueteres
848 2817 855 2854 :
876 2794 1010 2870 alioquin
1021 2811 1101 2855 rum-

345 2887 456 2953 puntur
470 2888 559 2947 utres
576 2885 606 2935 et
620 2874 725 2934 uinum
736 2875 905 2948 effunditur,
918 2885 948 2934 et
959 2885 1039 2932 utres
1050 2892 1101 2950 pe·

345 2967 451 3017 reunt:
472 2958 526 3017 sed
541 2955 646 3015 uinum
660 2976 774 3015 nouum
786 2955 817 3014 in
828 2969 908 3016 utres
922 2973 1020 3014 nouos
1033 2954 1101 3014 mit·

316 3049 318 3054 ·
344 3049 422 3112 tunt,
437 3048 466 3098 et
480 3039 573 3097 ambo
583 3050 805 3096 conseruantur.
847 3075 851 3082 .

162 3183 173 3215 ⁸
192 3182 462 3240 >antemnarum
481 3176 484 3183 ¹
504 3177 620 3246 quiam
661 3181 847 3239 ”telonium
887 3180 908 3213 ¹²
925 3177 1101 3238 medicuszb',

606 3275 637 3309 20
