2250 3630
98 155 144 218 17.
163 179 246 233 tw,
434 153 572 214 Actus
594 153 916 214 Arosrononuu
947 238 948 242 Ν

305 308 534 371 seminiuerbius
555 307 604 367 hic
622 309 743 369 dicere?
764 306 823 368 Alii
845 327 935 369 uero:
957 308 1061 367 Nouo

305 411 371 452 rurn
388 391 617 451 daemoniorum
634 389 754 450 uidetur
766 390 960 450 adnuntiator
976 409 1061 450 esse:

305 474 375 551 quia
385 473 494 542 Iesum,
506 481 536 530 et
544 470 791 530 resurrectionem
799 469 999 531 adnuntiabat
1007 470 1058 530 eis.

265 579 295 630 19
306 557 346 613 Et
354 554 576 630 adprehensum
585 572 654 610 eum
664 553 703 611 ad
713 551 1059 628 Ariopagumduxerunt,

306 636 459 695 dicentes:
481 635 644 693 Possumus
659 635 734 692 scire
748 653 825 710 quae
834 644 878 692 est
887 634 961 691 haec
971 652 1060 705 noua,

264 741 296 776 πο
307 734 384 793 quae
397 735 416 774 a
429 726 460 774 te
474 713 589 787 dicitur,
605 712 763 774 doctrina?
783 733 863 772 noua
877 713 958 772 enim
973 732 1063 790 quae-

307 797 379 857 dam
388 795 477 854 infers
486 795 608 854 auribus
617 796 737 856 nostris:
753 796 892 853 uolumus
904 814 974 872 ergo
985 795 1063 853 scire

266 903 294 937 21
308 876 453 954 quidnam
462 875 555 934 uelint
565 877 640 936 haec
649 895 723 935 esse.
751 876 951 934 Athenienses
960 886 1063 934 autem

308 976 423 1029 omnes,
447 967 477 1017 et
492 958 635 1026 vaduenae
657 956 801 1034 hospites,
823 957 862 1016 ad
883 954 959 1016 nihil
979 951 1081 1015 aliud'

309 1039 465 1110 uacabant,
484 1037 540 1096 nisi
562 1049 614 1097 aut
635 1039 735 1098 dicere
751 1049 802 1097 aut
822 1038 926 1097 audire
947 1035 1064 1113 aliquid

268 1145 296 1179 22
310 1119 391 1179 noui.
423 1122 510 1179 Stans
519 1129 619 1178 autern
631 1121 740 1178 Paulus
750 1119 782 1177 in
793 1117 894 1178 medio
910 1117 1062 1195 Ariopagi,

309 1202 368 1260 ait:

351 1280 416 1342 Uiri
426 1281 633 1353 Athenienses,
650 1300 702 1357 per
716 1279 817 1340 omnia
830 1280 915 1357 quasi
926 1282 1067 1358 supersti-

270 1387 300 1435 23
313 1361 448 1423 tiosiores
463 1382 519 1421 uos
533 1362 633 1421 uideo.
670 1361 852 1422 Praeterieris
869 1361 959 1434 enim,
975 1373 1007 1421 et
1024 1362 1067 1420 ui-

310 1445 385 1504 dens
400 1445 558 1502 simulacra
571 1453 678 1514 uestra,
694 1442 796 1502 inueni
810 1454 841 1502 et
854 1462 944 1516 aram,
960 1442 1068 1520 inqua

311 1523 453 1600 scriptum
463 1535 541 1584 erat:
557 1526 682 1583 Iouoro
696 1540 769 1583 nso,
802 1525 895 1598 Quod
904 1544 974 1601 ergo
983 1524 1068 1601 igno-

146 1621 182 1664 ns.
192 1620 222 1662 42.
234 1634 252 1670 5.
269 1631 299 1680 ²4
311 1616 410 1665 rantes
419 1606 523 1678 colitis,
536 1606 595 1663 hoc
610 1623 667 1682 ego
680 1604 827 1664 adnuntio
838 1604 934 1664 uobis·
980 1607 1068 1664 Deus

134 1673 181 1712 Aa
190 1673 209 1763 {j
220 1686 252 1771 {31
311 1685 362 1764 qui
377 1685 447 1746 fecit
462 1687 609 1746 mundum
612 1732 621 1759 ,
635 1696 665 1745 et
679 1684 781 1745 omnia
795 1706 872 1763 quae
887 1687 917 1744 in
932 1706 970 1746 eo
985 1698 1066 1761 sunt,

311 1768 361 1826 hic
379 1767 453 1826 caeli
471 1777 500 1827 et
516 1779 612 1828 terrae
629 1787 698 1826 curn
716 1766 754 1826 sit
771 1766 930 1840 Dominus,
954 1769 1017 1826 non
1034 1767 1067 1826 in

128 1864 252 1912 Partito).
271 1873 301 1922 25
314 1848 491 1908 manufactis
520 1847 639 1926 templis
665 1848 819 1921 inhabitat,
843 1859 905 1908 nec
925 1848 1068 1920 manibus

198 1919 255 1957 ⁸‘¹²'
312 1929 451 1989 humanis
466 1929 573 1990 colitur
587 1929 723 2007 indigens
737 1929 845 2007 aliquo
856 1929 1001 2007 cumipse
1015 1932 1068 1990 det

311 2010 453 2071 omnibus
473 2013 574 2083 uitam,
592 2022 623 2071 et
644 2010 875 2088 inspirationem,
897 2023 927 2070 et
944 2011 1068 2072 omnia:

130 2118 183 2159 Mar,
193 2117 210 2158 2,
223 2133 252 2160 10.
271 2103 301 2153 26
312 2091 441 2169 iecitque
457 2112 492 2151 ex
507 2112 569 2151 uno
579 2111 670 2152 omne
678 2112 772 2168 genus
781 2091 938 2153 hominurn
950 2091 1069 2152 inhabi-

145 2169 182 2210 D‘·
192 2167 224 2211 3²·
234 2171 252 2209 ⁸·
312 2184 374 2233 tare
388 2192 477 2250 super
492 2172 663 2233 uniuersam
678 2173 784 2233 faciem
799 2180 900 2246 terrae,
916 2173 1068 2234 definiens

311 2265 421 2314 statuta
440 2266 583 2332 tempora,
601 2266 631 2314 et
647 2254 790 2314 terminos
809 2253 1004 2315 habitationis
1019 2275 1068 2315 eo

111 2361 156 2403 ros.
166 2333 197 2402 aa
208 2376 225 2412 3,
236 2364 253 2411 s,
270 2357 300 2409 ²7
311 2355 386 2408 rum,
399 2355 541 2412 quaerere
558 2338 659 2396 Deum
674 2334 699 2394 si
713 2338 789 2396 forte
803 2338 971 2397 adtractent
985 2356 1066 2407 eum,

111 2460 166 2502 ruer
181 2461 206 2501 23
221 2426 252 2502 2⁹·
310 2427 362 2476 aut
376 2415 540 2490 inueniant,
559 2419 697 2495 quamuis
711 2436 773 2475 non
787 2417 876 2494 longe
889 2417 928 2476 sit
941 2417 982 2476 ab
994 2438 1069 2476 uno

166 2493 171 2504 '
207 2477 252 2561 '223
270 2510 433 2574 28quoque
448 2511 591 2558 nostrum.
641 2500 677 2556 In
696 2497 763 2575 ipso
780 2496 862 2558 enim
878 2495 1021 2569 uiuimus,
1038 2510 1069 2558 et

124 2569 252 2662 Ῑξξχῐξζζξ
313 2598 477 2652 monemur,
503 2590 532 2640 et
557 2598 680 2639 sumus:
713 2577 789 2639 sicut
813 2591 843 2640 et
867 2577 993 2656 quidam
1018 2600 1069 2639 ue·

138 2634 182 2712 ni.
193 2671 211 2714 1.
222 2653 252 2714 121
312 2671 405 2718 strum
420 2673 578 2737 poetarum
593 2659 749 2720 dixerunt:
772 2661 870 2738 Ipsius
881 2659 964 2720 enim
979 2671 1009 2722 et
1020 2681 1069 2738 ge-

121 2746 170 2798 San.
182 2747 211 2790 ¹³·
224 2763 253 2790 ιο.
272 2766 301 2814 29
313 2761 369 2799 nus
385 2761 497 2800 sumus.
530 2744 635 2802 Genus
650 2760 720 2818 ergo
734 2761 803 2800 cum
821 2741 914 2800 simus
923 2741 992 2814 Dei,
1004 2762 1067 2802 non

133 2798 169 2839 Es.
179 2798 210 2839 40.
223 2803 252 2840 18.
540 2822 546 2833 .

119 2847 181 2888 nom,
192 2847 210 2890 1,
221 2863 251 2900 23,
313 2822 459 2882 debemus
474 2835 631 2882 aestimare
647 2841 720 2882 auro
737 2833 789 2881 aut
806 2834 938 2899 argento,
957 2836 1011 2883 aut
1030 2824 1068 2883 la-

134 2994 156 3026 ¹⁸
173 2999 392 3046 seminiuarbius
409 2996 553 3054 ADGSOEZ:
570 3000 712 3047 seminator
727 2999 865 3048 uerborum
882 2999 935 3062 FV,
949 3001 1067 3050 dissemi-

105 3068 180 3109 nator
191 3063 361 3110 uerbonrmC
412 3062 433 3095 ¹⁹
449 3062 614 3126 Areopagum
626 3063 686 3124 Sti,
699 3070 721 3112 et
730 3064 861 3126 Areopagi
873 3082 905 3114 22
956 3067 979 3100 ²¹
996 3067 1066 3118 habi·

104 3133 140 3174 tat
152 3124 205 3182 Μ
271 3126 292 3160 ²⁷
308 3135 445 3177 attrectent
457 3127 510 3186 ΞΘ
574 3130 596 3163 ²⁸
612 3139 757 3179 vestrorum
769 3128 823 3190 ΞΘ

564 3219 612 3272 330
