2478 3730
151 209 198 271 tu
216 213 368 273 28—16.s
526 213 769 276 SECUNDUM
792 212 943 276 LUCAM

320 368 569 446 asquiasaluum
593 367 677 427 illurn
702 366 821 445 recepit.
866 367 1043 446 Indignatus
1068 382 1113 432 est

358 461 467 522 autern,
483 462 513 511 et
527 449 650 510 nolebat
669 448 797 509 introire.
841 452 928 509 Pater
946 470 1016 528 ergo
1035 450 1113 511 illius

318 557 348 606 ²9
358 550 500 609 egressus,
517 530 616 608 coepit
630 529 853 607 rogareillum..
876 533 917 590 At
931 530 980 591 ille
994 551 1113 609 respon·
1189 541 1193 548 '

358 613 442 684 dens,
458 611 531 672 dixit
546 610 621 688 patri
641 631 714 670 suo:
740 613 821 670 Ecce
844 621 889 671 tot
909 614 995 671 annis
1014 613 1113 688 seruio

359 694 422 764 tibi,
439 704 468 752 et
483 711 649 768 numquam
669 694 846 751 mandatum
866 703 951 751 tuum
966 693 1110 769 praeterii,

359 785 389 833 ct
412 791 578 850 numquam
604 771 714 832 dedisti
736 771 809 830 mihi
831 773 962 832 haedum
987 784 1020 833 ut
1042 793 1112 833 curn

316 878 348 925 30
358 852 461 913 amicis
474 853 547 913 meis
558 855 709 930 epularer:
721 854 774 912 sed
785 864 945 929 postquam
956 853 1033 912 filius
1044 865 1112 914 tuus

359 934 417 1006 hie,
443 933 495 1010 qui
519 935 675 993 deuorauit
703 932 900 1013 substantiam
930 953 1014 992 suam
1042 953 1112 994 curn

360 1013 571 1086 meretricibus,
587 1013 677 1085 uenit,
693 1013 829 1073 occidisti
843 1013 884 1072 illi
900 1012 1026 1073 uitulum
1040 1015 1114 1092 sagi-

243 1105 246 1110 '
318 1107 472 1166 31natum.
517 1098 558 1154 At
579 1094 643 1171 ipse
668 1092 743 1154 dixit
767 1093 827 1154 illi:
854 1094 918 1166 Fili,
942 1107 974 1153 tu
995 1113 1113 1172 semper

317 1201 346 1248 3²
360 1195 478 1236 mecum
493 1196 533 1248 es,
546 1187 575 1236 et
587 1174 689 1235 omnia
700 1194 767 1234 mea
777 1187 828 1234 tua
839 1186 925 1235 sunt:
941 1174 1052 1252 epulari
1063 1196 1113 1234 au-

360 1269 421 1318 tem
433 1268 462 1317 et
475 1258 605 1334 gaudere
620 1257 785 1332 oportebat,
799 1255 870 1332 quia
883 1257 971 1316 frater
983 1267 1050 1315 tuus
1063 1255 1111 1315 hic

360 1350 494 1397 mortuus
509 1349 579 1409 erat,
596 1349 625 1397 et
640 1335 762 1398 reuixit:
778 1336 911 1414 perierat,
927 1348 957 1398 et
972 1336 1111 1397 inuentus

359 1430 411 1478 est.

308 1496 352 1558 16
403 1498 532 1559 Dicebat
540 1510 641 1558 autem
650 1497 896 1577 etaddiscipulos
905 1519 989 1560 suos:
1005 1503 1111 1560 Homo

360 1580 483 1657 quidam
501 1591 563 1640 erat
584 1579 677 1652 diues,
698 1579 750 1656 qui
770 1581 900 1641 habebat
919 1580 1059 1642 uilicum:
1081 1593 1111 1641 et

360 1662 408 1720 hic
417 1662 586 1721 diffamatus
597 1671 642 1720 est
656 1663 737 1738 apud
749 1661 832 1720 illum
843 1661 928 1739 quasi
939 1661 1111 1740 dissipasset

335 1741 441 1802 abona
450 1740 550 1819 ipsius.
580 1744 620 1800 Et
629 1742 750 1802 uocauit
759 1744 851 1815 illum,
861 1756 891 1802 et
899 1744 941 1804 ait
950 1742 991 1802 illi
1003 1766 1009 1802 :
1027 1745 1111 1819 Quid

361 1824 419 1882 hoc
433 1822 524 1883 audio
537 1824 577 1883 de
591 1825 643 1882 te?
663 1825 756 1885 redde
772 1823 917 1884 rationem
930 1823 1110 1885 uilicationis

334 1929 348 1976 3
360 1915 447 1964 tuae:
468 1903 527 1963 iarn
539 1902 619 1965 enim
630 1924 694 1964 non
708 1904 818 1981 poteris
832 1904 960 1966 uilicare.
996 1905 1047 1965 Ait
1061 1926 1110 1965 au-

360 1983 531 2044 temuilicus
540 1985 616 2045 intra
625 2005 670 2046 se:
683 1985 766 2061 Quid
776 1988 882 2046 faciam
891 1987 960 2064 quia
969 1985 1110 2048 dominus

361 2086 444 2125 meus
461 2067 555 2126 aufert
572 2085 590 2125 a
609 2086 658 2125 me
677 2067 904 2128 uilicationem?
928 2070 1029 2128 fodere
1047 2087 1111 2129 non

332 2149 453 2219 4ualeo‚
465 2147 635 2206 mendicare
643 2148 796 2209 'erubesco
834 2148 1109 2226 Scioquidsaciam‚

360 2239 400 2299 ut,
417 2248 486 2287 cum
506 2240 624 2288 amotus
638 2229 722 2288 fuero
737 2249 756 2288 a
773 2229 950 2302 uilicationa
967 2229 1110 2307 recipiant

334 2332 347 2381 5
360 2328 408 2368 me
416 2307 448 2367 in
457 2309 565 2368 domos
576 2329 652 2368 suas.
683 2311 866 2371 Conuocatis
877 2310 977 2387 itaque
988 2310 1110 2388 singulis

360 2388 545 2449 debitoribus
555 2390 670 2449 domini
679 2390 732 2462 sui,
744 2390 862 2451 dicebat
872 2393 968 2468 primo
981 2415 987 2452 :
1009 2395 1111 2468 Quan-

333 2481 424 2529 6tum
435 2469 530 2531 debes
541 2471 666 2532 domino
676 2476 765 2532 meo?
782 2471 786 2509 ¹
803 2476 842 2532 At
854 2473 906 2532 ille¹
916 2471 1007 2534 dixit:
1033 2473 1110 2535 Cen·

361 2562 425 2610 turn
434 2553 527 2611 cados
535 2552 603 2612 olei.
648 2552 791 2630 Dixitque
800 2553 859 2613 illi:
876 2553 989 2630 Accipe
998 2553 1109 2614 cautio-

361 2652 430 2692 nem
445 2644 545 2692 tuam:
568 2645 598 2694 et
612 2636 684 2696 sede
697 2633 759 2694 cito
774 2633 870 2694 scribe
884 2634 1108 2712 quinquaginta.

335 2731 349 2786 7
361 2715 481 2773 Deinde
495 2713 554 2774 alio
568 2713 660 2775 dixit:
682 2719 730 2774 Tu
747 2735 819 2775 uero
836 2727 980 2793 quantum
995 2716 1111 2775 debes?

361 2793 422 2869 Qui
431 2794 485 2854 ait:
501 2796 632 2856 Centum
641 2814 727 2856 coros
739 2795 834 2858 tritici.
864 2795 916 2854 Ait
926 2794 981 2856 illi:
996 2795 1111 2873 Accipe

334 2875 476 2936 slitteras
486 2887 559 2947 tuas,
576 2888 605 2936 et
620 2875 717 2936 scribe
731 2875 890 2953 octoginta
921 2879 960 2935 Et
977 2876 1111 2937 laudauit

361 2958 503 3017 dominus
524 2955 646 3016 uilicum
666 2956 838 3034 iniquitatis,
859 2956 928 3034 quia
949 2959 1112 3034 prudenter

362 3040 496 3100 fecisset:
517 3037 587 3113 quia
604 3036 657 3096 filii
673 3037 762 3098 buius
778 3037 887 3098 saeculi
904 3037 1111 3115 prudentiores

235 3195 257 3229 ²0
274 3195 477 3259 praeteriuiSQt
527 3199 638 3246 hoedum
649 3197 702 3252 ἐπ
770 3197 811 3246 16.’
826 3197 837 3228 ⁷
853 3200 928 3245 alio:
944 3196 1025 3251 aliia
1100 3151 1106 3168 x

172 3271 175 3276 '
610 3275 655 3322 186
