2250 3630
202 189 443 251 SECUNDUM
466 191 722 251 MATTHEUM
897 191 945 250 25.
963 200 1047 265 24·3⁶
1102 232 1104 237 »

84 345 201 407 fidelis:
222 348 292 424 quia
312 366 399 424 super
416 364 512 424 pauca
533 345 614 406 fuisti
629 347 734 421 fidelis,
751 367 840 426 supra

84 429 179 487 multa
191 430 406 495 teconstituam
419 449 426 487 ε
441 427 517 487 intra
531 426 563 486 in
571 428 714 505 gaudium
725 428 841 489 domini

84 508 137 568 tui.
181 510 339 568 Accedens
358 520 458 568 autem
473 519 503 568 et
517 507 570 585 qui
585 528 679 568 unum
693 511 839 570 talentum
851 535 881 584 ²4
937 512 940 517 ’

83 600 249 666 acceperat,
270 591 328 649 ait:
351 588 491 662 Domine,
515 588 578 649 seio
597 589 668 667 quia
681 592 775 650 homo
788 593 841 651 du·

83 690 134 729 rus
149 689 182 729 es
195 693 202 728 ε
224 680 254 729 et
265 669 352 730 metis
367 669 418 735 ubi
430 689 492 729 non
504 671 666 744 seminasti,
678 683 708 731 et
719 691 839 748 congre-

83 769 136 828 gas
157 751 209 810 ubi
229 770 290 810 non
313 749 462 828 sparsisti:
484 761 513 810 et
533 753 641 812 timens
663 752 731 824 abii,
748 763 778 812 et
792 753 842 812 ab
852 776 881 825 25

84 830 191 891 scondi
216 834 361 890 talentum
381 842 466 890 tuum
486 831 517 890 in
537 843 630 893 terra:
659 853 729 894 ecce
748 834 841 893 habes

83 913 168 989 quod
183 923 268 971 tuum
280 924 332 972 est.
375 914 575 990 Respondens
586 924 687 973 autem
698 913 839 974 dominus
850 925 880 974 ²6

84 993 158 1066 eius,
182 992 255 1053 dixit
276 995 324 1053 ei:
346 995 439 1052 Serue
460 995 537 1052 male
559 1005 589 1053 et
610 994 699 1071 piger,
726 995 841 1055 sciebas

84 1073 157 1151 quia
182 1085 264 1134 meto
282 1073 334 1133 ubi
357 1094 419 1133 non
440 1073 564 1146 semin0,
581 1086 611 1133 et
625 1094 773 1152 congrego
787 1075 839 1135 ubi

84 1174 148 1214 non
160 1155 275 1232 sparsi?
295 1154 426 1232 oportuit
436 1174 506 1232 ergo
515 1166 545 1214 te
554 1155 672 1215 mittere
680 1155 840 1233 pecuniam
851 1176 881 1229 27

84 1255 186 1295 meam
195 1236 408 1310 nummulariis,
422 1246 452 1296 et
462 1234 587 1296 ueniens
597 1256 653 1313 ego
664 1235 842 1313 recepissem

84 1319 191 1393 utique
216 1319 299 1394 quod
321 1337 423 1377 meum
445 1327 490 1377 est
504 1337 573 1376 cum
589 1337 686 1410 usura„
728 1317 841 1377 Tollite
852 1330 882 1378 28

84 1397 188 1474 itaque
208 1399 303 1458 abeo
324 1400 479 1470 talentum,
500 1409 531 1458 et
550 1400 620 1459 date
641 1397 668 1459 ei
684 1419 734 1476 qur
728 1399 841 1458 habet

30 1477 68 1530 ²—⁷¹
84 1481 193 1539 decem
214 1481 334 1540 talenta.
377 1479 469 1540 Omni
485 1478 565 1538 enim
577 1479 699 1540 habenti
712 1480 839 1551 dabitur,
851 1505 882 1556 ²9
899 1498 970 1547 ra112,

43 1553 114 1620 'et
138 1560 326 1621 abundabit:
355 1560 382 1620 ei
404 1572 505 1621 autem
526 1560 579 1638 qui
600 1581 661 1620 non
687 1561 786 1633 habet,
812 1572 842 1621 et
897 1550 969 1640 1⁴2⁰ss
973 1561 1011 1648 939

29 1643 169 1755 9ἕᾳιιοά
184 1640 303 1701 uidetur
316 1642 427 1702 habere
441 1642 590 1702 auferetur
604 1643 643 1701 ab
658 1662 703 1702 eo.
748 1641 806 1701 Et
799 1663 840 1702 m·
850 1667 881 1714 3ο
897 1650 927 1690 12
937 1653 968 1700 48

43 1719 188 1782 ⁵utilem
209 1743 328 1783 seruum
348 1722 435 1783 eicite
454 1725 485 1782 in
505 1724 642 1783 tenebras
661 1722 837 1783 exteriores:

83 1804 146 1864 illic
161 1802 216 1863 erit
230 1805 326 1877 fletus,
343 1816 373 1864 et
387 1804 494 1864 stridor
509 1806 653 1864 dentium.

31 1891 70 1944 Ἐ
126 1885 207 1946 Cum
241 1896 342 1946 autem
378 1887 493 1945 uenerit
528 1886 620 1944 Filius
648 1884 778 1945 hominis
807 1883 877 1956 in31
895 1899 926 1941 13.
938 1915 969 1952 33,
980 1904 1010 1942 33.

40 1965 65 1992 99
84 1965 241 2026 maiestate
260 1986 322 2041 sua,
338 1977 368 2026 et
389 1986 495 2026 omnes
509 1966 607 2043 angeli
621 1986 691 2025 eum
705 1986 751 2038 eo,
768 1976 840 2025 tunc

84 2047 204 2107 sedebit
219 2067 308 2125 super
321 2049 425 2107 sedem
441 2047 602 2107 maiestatis
617 2067 706 2107 suae:
730 2058 760 2106 et
771 2064 841 2105 con·
850 2071 879 2118 3²
897 2064 959 2106 nzec.
968 2064 999 2106 34.
1010 2079 1041 2115 33.

83 2129 287 2206 gregabuntur
300 2139 370 2188 ante
385 2147 454 2187 eum
470 2147 575 2187 omnes
590 2138 702 2205 gentes,
718 2138 748 2187 et
759 2147 841 2204 sepa-

83 2208 163 2269 rabit
189 2227 242 2268 eos
266 2211 305 2269 ab
326 2209 467 2281 inuicem,
490 2208 567 2268 sieut
588 2220 688 2287 pastor
710 2218 842 2285 segregat

84 2309 160 2350 oues
182 2289 222 2349 ab
243 2289 366 2350 haedis:
401 2299 431 2348 et
454 2300 562 2349 statuet
583 2310 656 2349 oues
677 2290 801 2366 quidem
822 2309 880 2361 333

83 2369 198 2431 dextris
215 2369 283 2444 suis,
300 2373 414 2431 haedos
428 2381 528 2430 autem
544 2391 562 2429 a
577 2370 709 2430 sinistris.
752 2372 841 2429 Tune
851 2395 883 2445 34

84 2451 167 2512 dicet
182 2472 232 2511 rex
246 2451 293 2511 his
308 2450 359 2529 qui
373 2471 391 2510 a
405 2450 515 2544 dextris
526 2450 590 2511 eius
601 2462 707 2512 erunt:
729 2450 843 2512 Uenite

85 2531 240 2593 benedicti
256 2531 350 2592 Patris
362 2531 429 2605 mei,
443 2532 595 2610 possidete
606 2543 741 2610 paratum
753 2533 841 2624 uobis

83 2634 211 2691 regnum
222 2613 585 2673 aeonstitutionemundi.
620 2612 738 2673 Esuriui
750 2611 839 2686 enim,
851 2636 881 2686 35
898 2632 923 2671 ra
910 2644 940 2671 33
951 2629 989 2673 1.3
977 2645 1008 2722 33,

85 2706 115 2754 et
130 2693 345 2754 dedistismihi
361 2696 560 2755 manducare:
575 2692 841 2767 sitiui,etded1strs
895 2681 934 2722 99
926 2685 989 2732 ¹⁵

84 2773 161 2834 mihi
183 2774 304 2835 bibere:
325 2776 435 2852 hospes
449 2795 539 2849 eram,
555 2786 586 2835 et
600 2741 760 2852 coliegistis
773 2794 839 2833 me:

85 2855 213 2927 *nudus
230 2867 259 2915 et
281 2854 437 2934 operuistis
458 2876 527 2916 me:
552 2857 695 2929 infirmus
718 2866 748 2915 et
769 2853 836 2914 uisi·
848 2865 879 2926 36

118 3035 140 3069 ²⁴
156 3043 186 3086 et
197 3052 242 3088 sec
254 3052 307 3096 om
316 3034 370 3091 Μ
418 3033 482 3098 9933)
485 3035 551 3083 arsi:
560 3034 614 3090 Μ
664 3033 686 3066 99
702 3032 923 3088 committerem
957 3047 1045 3081 numu-

83 3099 220 3157 lariiszb
275 3107 323 3152 et:
336 3099 401 3155 ut}
457 3100 483 3132 99
502 3098 751 3160 annullatus}
811 3099 832 3132 99
849 3096 1011 3171 1303313353,
1025 3101 1048 3144 et

84 3168 273 3229 hoedosgg·
297 3164 334 3200 ⁵⁵
331 3166 513 3230 cooperuistis
521 3164 660 3222 332956
971 3202 975 3210 .

552 3245 585 3308 ea
