2250 3630
94 174 122 232 e.
138 173 268 246 41-7.1
468 172 710 234 SECUNDUM
733 171 883 234 Lucum

303 350 391 422 super
401 329 593 407 magistrum:
615 331 762 406 perfectus
776 342 876 389 autem
888 333 987 390 omnis
998 334 1051 391 erit

122 423 164 464 Mt
175 423 192 465 ⁷
202 436 246 473 rs
262 413 379 484 41sicut
392 413 532 502 magister
546 411 618 468 eius
658 410 742 485 Quid
751 423 851 470 autem
864 412 951 470 uides
966 414 1092 472 festu—-
1068 407 1092 444 ⁵⁹

283 511 369 559 cam
390 490 421 549 in
439 493 527 551 oculo
547 491 643 548 fratris
661 490 712 561 tui,
727 492 843 551 trabem
859 504 960 551 autem
975 478 1084 568 quae⁵

261 597 291 646 4²
303 572 334 629 in
343 573 431 631 oculo
440 585 492 631 tuo
502 583 555 642 est,
562 590 624 629 non
635 573 824 631 consideras?
848 575 886 631 Et
877 575 1052 666 quomodo

302 665 388 728 potes
409 651 508 712 dicere
529 651 609 711 fratri
634 664 704 712 tuo:
730 651 882 724 Frater,
860 673 924 712 sme
946 655 1051 713 eiciam

302 736 447 793 festucam
458 734 497 792 de
508 735 596 793 oculo
612 745 681 792 tuo:
704 732 812 809 ipsein
827 735 916 792 oculo
931 746 983 793 tuo
998 746 1052 792 tra-

302 815 372 874 bem
390 834 452 873 non
472 814 602 875 uidens?
639 813 813 891 Hypocrita,
837 818 900 873 eice
922 814 1051 905 primum

303 895 418 955 trabem
437 897 476 955 de
494 897 583 955 oculo
598 907 668 955 tuo:
694 906 724 954 et
745 907 817 954 tunc
838 894 998 971 perspicies
1020 910 1091 1000 ut&

137 996 201 1037 4345
263 1001 295 1050 43
304 977 414 1036 educas
426 979 570 1036 festucam
582 978 621 1035 de
632 978 722 1035 oculo
730 975 825 1034 fratris
838 975 887 1034 tui
912 978 996 1035 Non
1008 963 1091 1036 est⁶-⁰

95 1047 165 1088 ΜΗ·
178 1049 224 1087 ¹⁶¹
203 1049 246 1137 ζξζ
304 1057 384 1116 enim
405 1058 493 1116 arbor
512 1057 599 1129 bona,
621 1076 697 1133 quae
718 1056 789 1115 facit
806 1058 917 1143 fructus
939 1039 1084 1117 malos:⁵

304 1158 402 1213 neque
422 1139 510 1198 arbor
532 1139 616 1210 mala,
640 1136 752 1198 faciens
774 1127 901 1196 fructum
926 1136 1050 1197 bonum

122 1236 162 1277 m.
174 1235 244 1286 1233.
262 1247 295 1293 44
304 1222 512 1311 Unaquaeque
522 1217 603 1279 enim
611 1219 699 1278 arbor
710 1219 777 1278 def
775 1230 860 1278 ructu
874 1238 930 1276 suo
943 1237 1052 1295 cogno

304 1300 401 1359 scitur.
438 1303 544 1377 Neque
556 1298 636 1359 enim
649 1301 688 1359 de
703 1298 795 1376 spinis
807 1301 950 1376 coliigunt
960 1300 1033 1358 ficus
1045 1323 1051 1358 :
1065 1325 1116 1374 ως

95 1401 169 1442 unu.
177 1416 245 1452 34‚35.
262 1406 293 1455 45
303 1381 524 1457 nequederubo
533 1379 721 1439 uindemiant
731 1401 829 1440 uuam.
848 1382 1052 1441 Bonushomo
1065 1395 1117 1445 ⁶2l⁵

303 1463 342 1521 de
361 1462 443 1521 bono
460 1463 598 1520 thesauro
616 1461 715 1520 cordis
733 1464 777 1520 sui
792 1463 902 1538 profert
917 1462 1052 1521 bonum:

303 1555 332 1601 et
352 1543 447 1601 malus
466 1543 558 1601 homo
576 1543 616 1602 de
635 1543 716 1601 malo
733 1545 842 1619 profert
862 1544 993 1601 malurn:
1016 1563 1053 1601 ex

302 1623 486 1682 abundantia
500 1622 579 1682 enim
594 1624 692 1683 cordis
707 1644 741 1683 os
756 1623 894 1700 loquitur.

136 1729 177 1770 rut,
188 1729 205 1771 t.
215 1744 245 1771 2„
262 1714 295 1777 46
345 1703 428 1778 Quid
439 1716 539 1762 autem
553 1705 669 1763 uocatis
683 1724 732 1763 me
745 1706 885 1775 Domine,
899 1703 1051 1764 Domine:
1065 1717 1116 1765 tals

139 1814 203 1856 4444
262 1806 294 1858 47
304 1796 333 1844 et
346 1804 406 1844 non
418 1782 512 1844 facitis
523 1804 600 1861 quae
610 1783 704 1845 dico?
733 1784 841 1852 Omnis
852 1785 903 1861 qui
915 1786 998 1845 uenit
1011 1786 1052 1844 ad
1065 1801 1116 1852 oss

94 1866 135 1907 Mt*
146 1866 163 1907 ⁷·
175 1880 243 1916 ²⁴·27·
305 1886 360 1938 me,
377 1877 406 1925 et
420 1864 504 1924 audit
518 1885 670 1926 sermones
686 1886 778 1938 meos,
789 1878 819 1926 et
834 1866 904 1926 facit
915 1886 985 1926 eos:
1007 1887 1053 1926 os-

261 1959 292 2021 48
303 1948 423 2006 tendam
434 1945 520 2005 uobis
530 1944 578 2005 cui
590 1945 694 2006 similis
704 1948 753 2007 sit:
770 1947 873 2007 similis
883 1959 927 2007 est
937 1947 1052 2007 homini

301 2027 470 2087 aedificanti
479 2029 612 2100 domum,
624 2027 675 2104 qui
684 2028 760 2088 fodit
769 2029 799 2087 in
809 2031 947 2101 altum,ct
954 2031 1052 2104 posuit

302 2109 497 2168 fundamenta
506 2121 729 2185 suprapctram:
745 2109 942 2169 inundatione
949 2121 1052 2168 autem

302 2191 387 2260 facta,
407 2188 526 2247 inlisum
548 2202 592 2248 est
613 2189 852 2250 flumenrdomui
871 2189 921 2261 illi,
940 2201 970 2249 et
989 2209 1052 2248 non

302 2269 398 2347 potuit
413 2289 478 2329 eam
495 2290 633 2330 mouere:
655 2273 780 2330 fundata
791 2269 872 2330 enim
887 2282 948 2329 erat
963 2290 1053 2348 supra

261 2378 293 2427 49
303 2362 424 2426 petram.
470 2352 530 2426 Qui
545 2364 647 2411 autem
662 2351 779 2411 audiuit
797 2363 826 2410 et
846 2371 907 2409 non
922 2351 1001 2422 fecit,
1017 2350 1053 2410 si-

302 2431 378 2490 milis
388 2444 432 2491 est
441 2431 555 2491 homini
565 2432 735 2492 aedificanti
743 2434 1053 2508 domumsuamsupra
1066 2485 1068 2488 Α

302 2526 407 2572 terram
423 2512 487 2572 sine
502 2515 718 2574 fundamento:
740 2513 771 2572 in
786 2534 876 2590 quam
889 2511 992 2572 inlisus
1007 2525 1052 2572 est

301 2592 418 2665 fluuius,
431 2607 460 2653 et
475 2594 620 2654 continuo
635 2594 761 2655 cecidit:
783 2607 812 2654 et
824 2597 901 2652 facta
912 2605 956 2653 est
968 2592 1052 2651 ruina

302 2676 421 2734 domus
425 2675 502 2734 illius
519 2695 634 2752 magna.
1066 2727 1078 2766 ⁶

142 2772 192 2813 1-10
273 2751 296 2813 7
347 2757 426 2816 Cum
442 2768 542 2814 autem
559 2758 710 2832 implesset
727 2754 829 2814 omnia
845 2755 938 2814 uerba
952 2774 1006 2814 sua
1021 2753 1075 2812 in·
1079 2737 1090 2775 ⁵

110 2822 198 2862 Μικε
188 2837 244 2873 13
302 2857 387 2896 aures
402 2836 530 2913 plebis,
524 2839 643 2895 intrauit
658 2838 876 2913 capharnaum.
1072 2806 1084 2843 ³

124 2957 145 2989 ⁴⁰
160 2962 215 3007 erit
228 2975 280 3008 stne
291 2959 367 3008 addit.
381 2959 501 3007 ACDM:
527 2960 572 3008 ÷si
585 2959 618 3006 sit
631 2957 781 3013 GHvzzut
854 2956 875 2988 ⁴²
892 2963 921 3006 et
932 2957 969 3004 ad
977 2957 1032 3005 init.
1046 2972 1052 3003 :

93 3031 136 3070 aut
150 3021 202 3078 Μ
263 3029 382 3074 uidens:
401 3026 473 3073 uides
486 3024 645 3072 CDG*MVZ
719 3023 740 3054 ⁴⁵
758 3022 1053 3077 malo÷thesaur05tffl

91 3087 112 3118 ⁴⁸
130 3088 325 3137 fundamentum
337 3089 389 3145 Μ
431 3089 603 3152 superdibis,
616 3095 638 3137 et
648 3105 680 3149 49
720 3088 814 3136 illisum
825 3093 848 3136 et
857 3087 938 3136 illisus
951 3086 1004 3144 ΞΘ
1015 3089 1053 3136 liic

90 3160 113 3202 et
121 3170 154 3215 49
220 3154 243 3185 ⁴⁹
260 3156 329 3203 audit
339 3161 362 3202 et
373 3155 432 3202 facit
445 3154 497 3209 §df

551 3247 593 3296 152
