2250 3630
93 607 425 697 perissem
458 609 536 683 AD
574 570 852 702 Dnnnsun

79 760 221 845 eunio
251 786 388 844 PAPAE
421 784 599 845 nnunso
634 783 929 846 Hruaonrnus

119 943 244 1002 Nouurr
259 961 335 1019 opus
350 944 446 1003 facere
465 962 514 1002 me
534 939 615 1018 cogis
633 959 669 1000 ex
688 939 789 1013 ueteri,
806 952 839 1000 ut
859 955 929 1019 post

78 1022 256 1100 exemplaria
277 1023 487 1101 scripturarum
509 1035 575 1083 toto
596 1021 669 1082 orbe
690 1021 823 1099 dispersa
843 1023 929 1099 quasi

78 1105 201 1178 quidam
222 1104 331 1164 arbiter
351 1106 474 1164 sedeam
495 1117 534 1177 et,
556 1103 629 1180 quia
648 1103 725 1162 inter
745 1122 778 1162 se
802 1103 927 1177 uariant,

78 1203 156 1260 quae
170 1184 228 1244 sint
239 1185 289 1244 illa
302 1205 380 1263 quae
394 1206 464 1245 curn
476 1186 591 1245 Graeca
601 1183 789 1243 consentiant
804 1182 929 1247 ueritate

14 1282 17 1286 ’
77 1267 244 1326 decernam.
276 1268 346 1325 Pius
360 1267 452 1338 labor,
469 1267 523 1325 sed
537 1263 703 1342 periculosa
716 1264 927 1340 praesumptiO,

78 1345 208 1407 iudicare
221 1349 261 1407 de
275 1346 380 1407 ceteris
395 1346 494 1423 ipsum
507 1345 547 1405 ab
561 1343 703 1404 omnibus
721 1342 927 1418 iudicandum,

77 1426 155 1487 senis
170 1440 285 1486 mutare
299 1426 431 1504 linguam
449 1440 479 1486 et
494 1437 702 1486 canescentem
721 1427 868 1485 mundum
888 1428 929 1486 ad

77 1506 160 1568 initia
187 1509 334 1568 retrahere
359 1510 558 1600 paruulorum.
610 1506 686 1582 Quis
711 1504 792 1566 enirn
819 1508 928 1567 doctus

77 1588 186 1667 pariter
206 1590 256 1650 uel
276 1588 424 1661 indoctus,
440 1609 510 1647 curn
531 1587 563 1648 in
584 1608 690 1647 manus
710 1589 855 1647 uolumen
874 1590 927 1648 ad-

77 1670 234 1749 sumpserit
246 1680 276 1730 et
286 1690 304 1730 a
315 1669 409 1730 saliua
418 1689 511 1747 quarn
521 1671 614 1730 semel
629 1667 737 1728 inbibit
750 1667 859 1728 uiderit
870 1668 929 1729 dis-

77 1771 196 1850 crepare
205 1753 289 1829 quod
300 1750 420 1824 lectitat,
434 1770 497 1810 non
508 1750 606 1811 statim
619 1761 754 1828 erumpat
766 1747 796 1808 in
808 1768 926 1825 uocem,

77 1853 125 1892 me
131 1833 288 1893 'falsarium
309 1852 358 1894 me
376 1834 509 1892 clamans
528 1851 594 1893 esse
612 1833 795 1909 sacrilegum,
811 1832 864 1908 qui
878 1840 934 1890 au-'

75 1916 164 1974 deam
178 1914 311 1992 aliquid'
304 1935 335 1975 1n
345 1913 495 1974 ueteribus
506 1912 588 1973 libris
599 1915 718 1986 addere,
729 1924 853 1985 mutare,
865 1932 928 1972 cor-
942 1983 946 1991 ὗ

76 1988 190 2072 rigere?
219 1998 388 2056 Aduersum
398 2015 490 2073 quarn
501 1995 645 2055 inuidiam
656 1996 767 2072 duplex
776 2012 867 2053 causa
878 2013 928 2054 me

76 2078 264 2138 consolatur:
282 2079 365 2156 quod
375 2090 405 2138 et
415 2088 449 2136 tu
460 2076 512 2154 qui
522 2095 657 2136 summus
672 2075 809 2135 sacerdos
820 2093 852 2134 es
864 2075 928 2134 fieri

76 2157 168 2230 iubes,
182 2169 211 2217 et
226 2178 329 2218 uerum
344 2179 408 2218 non
421 2178 486 2218 esse
500 2158 584 2236 quod
594 2156 687 2216 uariat
702 2155 791 2216 etiam
806 2156 928 2216 maledi-

76 2258 179 2298 corum
195 2238 366 2298 testimonio
377 2240 587 2316 conprobatur
616 2237 648 2298 Si
663 2236 741 2297 enim
755 2235 869 2296 Latinis
880 2257 928 2297 ex·

76 2318 256 2396 emplarrbus
266 2321 340 2380 fides
350 2331 394 2380 cst
402 2319 792 2397 adhibendarespondeant
802 2318 926 2395 qurbus

76 2411 119 2460 tot
134 2411 203 2460 sunt
218 2420 314 2477 paene
328 2414 401 2477 quot
416 2401 545 2462 codices.
575 2402 629 2462 Sin
641 2411 742 2459 autem
757 2398 866 2459 ueritas
881 2412 926 2459 est

76 2483 248 2557 quaerenda
261 2483 301 2541 de
314 2483 456 2559 pluribus,
472 2503 525 2542 cur
539 2501 600 2541 non
614 2483 654 2541 ad
675 2482 822 2541 Graecam
840 2480 927 2557 origi-

75 2581 144 2622 nem
160 2573 341 2623 reuertentes
356 2583 391 2622 ea
404 2583 481 2640 quae
492 2566 540 2623 uel
554 2583 573 2622 a
586 2563 701 2622 uitiosis
715 2559 926 2639 interpretibus

75 2645 152 2720 male
168 2644 252 2703 edita
269 2644 317 2703 uel
336 2663 354 2702 a
371 2641 645 2721 praesumptoribus
664 2641 808 2721 imperitis
825 2660 927 2702 emen·

72 2725 145 2783 data
158 2723 325 2802 peruersius
340 2727 388 2784 uel
398 2744 417 2783 a
427 2724 550 2785 librariis
565 2723 796 2784 dormitantibus
810 2734 862 2782 aut
876 2725 926 2782 ad-

74 2803 136 2863 dita
151 2816 219 2864 sunt
233 2815 285 2864 aut
299 2817 413 2864 mutata
427 2805 622 2883 corrigimus?
660 2807 768 2882 Neque
782 2823 855 2864 uero
865 2823 926 2897 ‚ego

74 2885 113 2944 de
134 2883 239 2947 ueteri
248 2884 369 2977 disputo
390 2896 578 2959 testamento,
598 2888 681 2962 quod
700 2905 718 2944 a
737 2884 926 2963 septuaginta

74 2960 259 3025 senioribus
252 2986 282 3024 1n
294 2966 439 3027 Graecam
451 2966 582 3044 linguam
597 2986 717 3047 uersum
733 2965 821 3026 tertio
831 2967 925 3057 gradu

72 3048 113 3106 ad
133 3065 187 3105 nos
207 3065 301 3122 usque
321 3046 465 3121 peruenit
509 3050 581 3107 Non
600 3042 711 3124 quaero
725 3046 800 3126 quid
814 3045 925 3124 Aquila

476 3127 525 3189 xiv
